2118 3040
950 172 1220 212 „26-

340 278 521 320 vitiosam
543 279 770 321 locationem
790 280 922 321 servili
943 293 1135 331 personae
1152 280 1256 321 dedit
1279 281 1500 331 'Parmam
1526 293 1622 322 nam
1638 282 1829 333 inteyrum

340 348 442 393 esset,
469 345 506 384 si
532 345 674 384 diceret
710 345 922 385 ‘habendas
958 346 1174 395 compedes'.
1220 347 1325 386 unde
1352 345 1514 395 quidam
1541 358 1622 385 non
1649 358 1728 386 esee
1762 345 1828 385 sed

340 421 460 458 usqae
477 410 618 460 legant.
657 407 712 448 Cf.
731 408 825 448 Hec.
844 408 934 448 306.
953 409 985 448 1.
1015 409 1107 450 309.
1121 409 1156 448 2.
1184 409 1275 450 311.
1290 409 1325 449 3.
1362 409 1451 448 323.
1468 409 1504 449 2.
1540 408 1611 449 Ph.
1633 410 1720 449 186.
1735 410 1771 449 6.

379 475 382 480 “
449 471 610 524 Optimo
629 472 752 522 igitur
778 473 864 511 iure
894 484 1103 511 servorum
1123 472 1313 512 vitiosam
1340 472 1584 513 locutionem
1602 485 1827 526 numquam

340 536 558 587 castigavit
582 536 803 577 scholiasta
829 536 1062 577 fabularum
1080 536 1428 578 Menandrearum.
1475 537 1566 578 Sint
1593 537 1701 578 enim
1719 538 1827 578 servi

337 613 535 653 personae
563 601 752 642 ridiculae
782 602 1014 642 comoediae
1043 602 1102 651 (cf.
1122 602 1224 642 Don.
1243 602 1400 642 Phorm.
1422 603 1586 654 138.1.)‚
1615 614 1699 642 non
1728 603 1826 642 sunt

337 666 536 706 ineruditi.
591 665 703 714 Quae
723 679 814 706 cum
842 666 903 706 ita
931 667 1024 716 sint,
1063 665 1263 706 habemus
1292 666 1339 706 in
1367 666 1614 707 Menandri
1642 666 1825 706 fabulis

339 729 617 770 adnotatis
646 730 1018 780 scholiastam,
1050 732 1136 782 qui
1163 730 1353 770 melius
1381 732 1533 771 novit
1560 744 1641 771 res
1660 731 1823 771 Athe-

337 795 554 834 nienses
591 807 741 846 quam
778 795 1021 846 interpres
1062 795 1412 834 comoediarum
1450 795 1504 834 de
1532 794 1823 847 Apollodoro

338 870 724 899 conversarum.

447 923 577 974 Caput
614 922 663 962 de
700 924 884 974 ἠθοποιίᾳ
922 922 1119 963 relicturis
1157 922 1304 963 addere
1345 923 1461 963 nobis
1498 923 1619 963 liceat
1660 926 1822 976 saepius

336 987 445 1027 hunc
473 988 736 1027 scholiastam
764 988 1033 1027 aestheticum

791 1205 839 1251 3.
875 1203 937 1251 de
970 1204 1124 1251 rebus
1157 1202 1366 1251 Graecis

336 1322 427 1348 cum
456 1309 505 1348 de
524 1309 742 1359 comoedia,
774 1312 862 1348 tum
883 1309 931 1348 de
951 1310 1039 1348 vita
1058 1309 1262 1347 cotidiana
1290 1309 1347 1348 sic
1370 1309 1494 1360 loqui,
1524 1311 1572 1347 ut
1591 1321 1683 1347 eum
1703 1309 1818 1360 quasi

337 1373 535 1415 Graecum
564 1372 692 1414 dicere
729 1373 871 1426 possis.
928 1371 1090 1414 Scholia.
1115 1372 1218 1413 varii
1254 1373 1410 1424 generis
1448 1373 1679 1413 testimonio
1718 1373 1820 1413 sint:

442 1438 542 1477 Don.
563 1437 636 1478 Ad.
656 1439 717 1476 26.
737 1439 769 1476 1.
811 1439 974 1477 nomina
999 1451 1270 1488 personarum,
1307 1439 1352 1478 in
1380 1438 1574 1477 comoedia
1601 1439 1817 1487 dumtaxat,

332 1503 470 1544 habere
510 1502 643 1543 debent
685 1502 877 1543 rationem
919 1506 954 1543 et
994 1503 1264 1554 etymoloyiam.
1320 1504 1462 1543 etenim
1509 1503 1723 1544 absurdum
1763 1506 1818 1543 est

333 1569 528 1616 cmnicum,
564 1565 694 1618 (cum)
722 1571 809 1616 apte
846 1570 1079 1617 aryamenta
1115 1567 1325 1617 confingat,
1364 1569 1422 1606 vel
1459 1580 1599 1605 ‘nomen
1630 1579 1820 1616 personae

331 1631 594 1683 inconyruum
620 1632 715 1671 dare
742 1633 798 1672 vel
823 1631 1008 1682 officium,
1037 1631 1140 1680 quod
1166 1631 1214 1671 sit
1241 1644 1267 1671 a
1294 1632 1449 1671 nomine
1477 1631 1680 1671 diversum.
1727 1630 1817 1671 hinc

332 1709 466 1735 servus
505 1695 628 1743 fidelis
664 1696 871 1742 Parmeno,
915 1695 1082 1742 infidelis
1124 1695 1250 1744 Syrus
1286 1695 1342 1733 vel
1370 1695 1478 1743 Geta,
1516 1695 1624 1734 miles
1665 1694 1818 1733 Thraso

331 1761 389 1800 vel
416 1759 609 1808 Polemon,
636 1758 790 1798 iuvenis
818 1758 1057 1808 Pamphaus,
1086 1762 1265 1798 matrona
1292 1758 1481 1809 Myrrina
1510 1762 1545 1798 et
1565 1771 1666 1808 puer
1693 1758 1751 1798 vel
1769 1758 1817 1798 ab

332 1825 445 1863 odore
473 1824 618 1863 Storax
646 1823 702 1862 vel
729 1836 755 1862 a
781 1823 872 1862 ludo
899 1827 935 1862 et
967 1823 1255 1873 yesticulatione
1282 1823 1432 1862 Scirtus
1465 1827 1500 1862 et
1534 1823 1627 1862 item
1658 1822 1815 1861 similia.

331 1888 376 1927 in
395 1887 534 1937 quibus
560 1899 757 1927 summum
774 1890 907 1937 poetae
924 1886 1064 1927 vitium
1082 1889 1147 1936 est,
1175 1886 1211 1926 si
1228 1886 1322 1936 quid
1340 1900 1360 1926 e
1377 1887 1574 1927 contrario
1592 1899 1817 1938 repuqnans

332 1951 575 1991 contrarium
602 1952 870 2000 diversumque
891 1951 1113 2001 protulerit,
1141 1951 1221 1990 ‘nisi
1244 1964 1314 2000 per
1341 1951 1565 2000 ἀντίφρασιν
1592 1951 1816 1991 ioculariter

330 2029 471 2055 nomen
489 2016 665 2066 imponit,
684 2019 729 2054 ut
747 2015 1034 2066 Mz'saryyrides
1053 2016 1098 2055 in
1117 2015 1259 2055 Plauto
1276 2014 1420 2054 dicitur
1445 2015 1643 2065 trapezita.
1679 2018 1715 2054 et
1731 2014 1816 2064 fere

330 2081 438 2131 apud
465 2080 560 2120 alios
587 2080 655 2119 hoc
681 2081 791 2119 modo
822 2083 958 2129 poetas
985 2080 1147 2119 nomina
1175 2082 1458 2130 componantur
1488 2092 1563 2129 per
1590 2079 1816 2128 ἀντίφρασιν

329 2144 583 2184 describentia
610 2146 711 2193 quod
738 2144 955 2194 desiynant.

440 2208 526 2256 Quo
556 2207 717 2259 quidem
750 2207 837 2247 loco
876 2208 1046 2246 occurrit
1082 2207 1280 2258 interpres
1317 2206 1578 2257 aestheticus‚
1617 2206 1686 2258 qui
1722 2218 1813 2245 cum

329 2285 462 2311 rerum
481 2271 792 2311 Atheniensium
823 2274 911 2310 turn
940 2270 1171 2310 fabularum
1200 2283 1332 2310 novae
1361 2271 1589 2310 comoediae
1618 2271 1814 2309 scientem

329 2349 373 2376 se
409 2338 605 2389 praestat.
666 2335 770 2375 Nam
808 2335 1073 2375 manifestum
1113 2337 1176 2375 est
1214 2348 1306 2375 eum
1342 2348 1426 2375 non
1465 2334 1596 2375 solum
1632 2334 1813 2384 singulos

328 2400 437 2440 locos
467 2401 630 2440 'Ferenti
670 2399 881 2451 explicare,
921 2400 994 2439 sed
1033 2400 1157 2439 etiam
1195 2400 1361 2439 nomina
1398 2399 1558 2449 afferre,
1597 2411 1701 2450 quae
1730 2411 1813 2438 non

329 2466 428 2504 sunt
469 2463 576 2516 apud
622 2464 855 2504 Terentium
900 2463 1211 2516 (Misargyrides‚
1254 2463 1456 2513 Polemon)
1504 2476 1579 2503 nec
1620 2462 1811 2502 Plautum

329 2528 557 2579 (Polemon).
615 2529 768 2578 Quibus
796 2541 894 2568 vero
923 2528 1021 2568 locis
1049 2529 1279 2568 invenimus
1306 2540 1454 2568 nomen
1481 2527 1741 2567 Polemonis?
1769 2527 1812 2566 in

328 2593 576 2634 Menandrea
603 2593 756 2633 scilicet
782 2593 1137 2644 ‘Heptnscpopaevng’
1176 2592 1320 2633 fabula
1362 2604 1600 2644 nuncnuper
1640 2593 1810 2644 reperta.
