2118 3040
904 225 1169 263 „⁷65—

299 332 385 371 103.
403 332 427 370 2
446 333 681 382 παρασκευή.
714 331 799 370 123.
822 331 843 369 l
874 332 1030 374 ἀστείως
1059 331 1117 379 (cf.
1137 343 1261 382 supra
1280 343 1315 382 p.
1335 330 1411 378 35).
1443 330 1529 369 132.
1558 331 1590 369 1.
1621 329 1777 378 Quibus

296 395 443 437 addere
471 395 591 436 liceat
624 397 819 448 optimum
846 394 958 434 illum
993 396 1220 436 scaenicum
1249 395 1520 445 scholiastam,
1552 395 1631 446 qui,
1661 397 1775 446 post-

298 472 419 512 quam
452 474 510 500 vs.
524 461 599 500 196
633 459 831 499 Phaedria
857 459 968 510 abiit,
1004 460 1055 499 ad
1084 472 1233 499 novam
1263 472 1453 499 scaenam
1478 458 1777 510 Menandream‚

297 524 548 576 soliloquium
584 524 761 574 Thaidis,
801 522 972 563 adnotat
999 537 1057 564 vs.
1081 524 1177 563 197:
1215 528 1312 564 recte
1344 524 1468 564 Thais
1494 537 1600 564 nunc
1621 528 1777 574 partem

297 592 518 641 aryumenti
545 591 768 639 exsequitur
789 590 947 629 tacitam
965 591 1068 636 apud
1086 590 1325 629 Phaedriam
1337 593 1497 639 propter
1509 590 1776 638 praesentiam

296 655 409 704 servi,
438 667 549 703 quem
570 657 687 704 poeta
715 655 796 693 vuit
822 653 882 693 ita
908 654 1066 703 nescire,
1095 657 1139 692 ut
1168 653 1310 692 audeat
1338 654 1390 692 ad
1407 653 1624 692 vitiandam
1651 653 1774 703 viryi—

264 721 269 724 ”
296 732 383 758 nem
410 721 619 759 subornare
644 717 896 765 Chaeream.²)

402 782 623 834 Postquam
653 779 777 820 Thais
806 780 967 820 domum
995 781 1159 829 introiit,
1189 779 1387 820 Phaedria
1415 792 1507 820 cum
1525 780 1775 820 Parmenone

295 847 525 895 revertitur;
545 846 587 883 in
607 858 757 883 scaena
774 845 817 884 II.
836 846 856 882 1
879 845 1012 894 (schol.
1032 858 1163 883 scaen.
1185 845 1274 894 207)
1294 847 1374 884 iam
1393 846 1628 885 amatorium
1647 846 1774 884 multi-

294 911 468 960 loquium
495 914 532 949 et
558 910 825 958 vaniloquium
856 911 1029 949 continet
1064 911 1141 949 ista
1169 910 1279 960 actio,
1307 923 1399 949 nam
1426 914 1461 949 et
1487 909 1636 960 repetit,
1675 911 1776 959 quod

294 977 376 1015 iam
402 976 547 1014 dictum
576 978 630 1013 est
657 978 692 1012 et
719 975 761 1013 id
787 974 884 1023 facit
910 972 932 1025 <
966 986 987 1007 »κ
1020 985 1040 1006 >κ
1074 985 1093 1006 *
1123 972 1145 1025 >
1172 975 1297 1024 mayis
1324 978 1358 1013 et
1386 975 1510 1013 odiose
1537 974 1665 1013 nimis.

405 1037 450 1076 In
478 1049 598 1076 versu
628 1036 705 1075 224
736 1036 821 1076 abit
847 1035 1046 1076 Phaedria
1083 1038 1248 1085 (tantum
1276 1041 1404 1077 autem
1437 1037 1557 1077 aberit
1585 1040 1775 1087 quantum

295 1103 475 1152 temporis
502 1116 597 1151 opus
625 1106 679 1140 est
698 1102 750 1140 ad
777 1103 996 1141 vitiandam
1015 1103 1206 1152 virginem
1234 1101 1354 1139 schol.
1375 1102 1464 1139 224.
1480 1102 1531 1149 4),
1561 1103 1603 1139 et
1631 1113 1773 1151 appro-

294 1167 466 1217 pinquat
492 1165 695 1216 parasitus
725 1177 816 1203 cum
844 1164 990 1215 puella,
1030 1177 1151 1215 quam
1180 1165 1353 1204 maxime
1383 1165 1551 1203 miratur
1578 1165 1774 1203 Parmeno

294 1232 340 1268 ut
368 1230 481 1268 ‘facie
510 1229 738 1267 honestam'
769 1229 887 1277 (230);
925 1228 977 1267 ad
1006 1241 1110 1279 quae
1138 1229 1263 1267 verba
1301 1228 1522 1267 scholiasta
1558 1231 1666 1267 recte
1700 1227 1772 1266 ad-

294 1295 412 1332 notat
431 1292 543 1341 (Eun.
563 1292 705 1341 230.1)
734 1292 844 1332 illam
876 1295 1004 1331 artem
1029 1294 1277 1342 ὀἰκονομίαν
1308 1292 1367 1340 (cf.
1388 1305 1510 1343 supra
1538 1306 1573 1343 p.
1596 1293 1645 1330 19
1656 1296 1771 1343 sqq.):

294 1358 509 1406 οἰκονομία,
537 1369 615 1406 qua
643 1357 858 1397 ostenditur
885 1361 1090 1397 amaturus
1112 1357 1298 1407 Chaerea,
1326 1358 1361 1396 si
1387 1357 1538 1406 quidem
1556 1357 1656 1396 hanc
1675 1356 1772 1396 Par-

292 1435 401 1460 meno
428 1423 510 1471 ipse
545 1422 725 1460 miratur.
777 1420 864 1459 Hoc
901 1421 1038 1459 autem
1075 1420 1270 1459 scholium
1305 1420 1544 1459 adscribitur
1571 1420 1623 1458 ad
1659 1420 1771 1458 illum

286 1485 433 1535 locum,
464 1497 542 1537 quo
571 1483 899 1524 ‘commendatur'
925 1484 1099 1536 Gnatho,
1129 1498 1301 1537 persona
1320 1484 1491 1524 scaenae
1510 1484 1771 1536 insequentis.

294 1549 404 1588 Haec
431 1550 552 1598 igitur
578 1562 751 1600 persona
778 1549 953 1600 puellam
981 1562 1117 1588 secum
1146 1550 1295 1588 ducens
1324 1550 1445 1588 etiam
1474 1549 1583 1600 apud
1601 1549 1769 1588 Menan-

293 1613 406 1653 drum
445 1614 569 1653 fuisse
606 1613 704 1652 mihi
741 1613 911 1663 videtur,
951 1613 1021 1652 sed
1059 1627 1141 1652 non
1175 1613 1255 1663 illa,
1295 1626 1398 1664 quae
1433 1614 1474 1652 in
1509 1625 1657 1652 scaena
1685 1613 1728 1652 Π.
1745 1614 1770 1651 2

292 1677 418 1716 verba
445 1673 554 1716 iacit.
596 1676 700 1715 Nam
731 1689 804 1726 ego
833 1689 992 1729 quoque
1020 1676 1118 1716 illud
1147 1690 1172 1715 a
1200 1677 1358 1716 Donato
1379 1689 1472 1715 vere
1502 1676 1651 1715 dictum
1680 1688 1770 1715 esse

292 1745 401 1793 puto,
441 1740 548 1792 quod
586 1741 722 1780 scribit
759 1741 872 1790 (Don.
892 1740 993 1781 Eun.
1014 1742 1119 1791 228):
1159 1742 1249 1782 haec
1285 1743 1390 1792 apud
1422 1742 1690 1781 Menandrum
1724 1742 1769 1781 in

293 1806 484 1844 Eunucho
521 1819 600 1845 non
637 1809 740 1855 sunt,
778 1809 822 1845 ut
854 1807 935 1855 ipse
966 1807 1166 1856 professus
1202 1810 1257 1845 est
1284 1806 1464 1855 ‘parasiti
1496 1817 1702 1855 personam
1735 1810 1770 1844 et

291 1870 451 1918 militis',
499 1871 564 1910 sed
605 1871 650 1909 de
696 1870 828 1910 Colace
869 1871 1060 1910 translata
1100 1874 1202 1910 sunt.
1259 1869 1339 1908 Sed
1381 1869 1602 1908 verbumne
1641 1869 1769 1908 ‘haec’

401 2007 421 2049 1)
443 2006 566 2040 Videas
588 2007 706 2040 melius
730 2007 818 2040 hunc
832 2007 1050 2040 scholiastam
1066 2009 1263 2040 contextum
1285 2006 1419 2040 fabulae
1443 2007 1652 2050 perspexisse
1669 2018 1769 2051 quam

291 2060 498 2100 Nencim'um‚
530 2063 586 2103 qui
616 2061 703 2093 hanc
733 2072 803 2093 rem
826 2062 965 2093 miratus
989 2060 1095 2103 ‘quod
1126 2062 1292 2093 Parmeno
1323 2071 1449 2098 servus,
1481 2061 1536 2103 qui
1559 2061 1769 2103 Pamphilam

292 2113 398 2145 civem
422 2123 496 2145 esse
519 2114 623 2155 probe
645 2116 763 2147 nosset
786 2114 909 2156 quippe
933 2114 990 2156 qui
1005 2114 1190 2146 Phaedriae
1213 2116 1247 2146 et
1270 2114 1453 2146 meretricis
1475 2114 1644 2156 colloquio
1667 2114 1768 2146 inter-

291 2166 423 2205 fuisset,
453 2167 525 2199 erili
554 2167 636 2200 filio
659 2168 829 2200 vitiandae
856 2167 995 2209 virginis
1024 2170 1144 2200 auctor
1166 2168 1268 2200 fuerit
1284 2193 1291 2200 .
1309 2195 1315 2200 .
1335 2167 1350 2200 .’
1385 2168 1509 2200 erravit
1530 2168 1584 2200 l.1.
1609 2167 1765 2209 p.83sq.‚

293 2229 424 2251 servum
459 2220 547 2252 enim
576 2230 613 2252 re
643 2231 724 2252 vera
754 2220 963 2263 Pamphilam
995 2221 1102 2253 civem
1133 2230 1206 2253 esse
1239 2220 1366 2253 nescire
1400 2221 1554 2253 Donatus
1587 2220 1767 2252 identidem

292 2273 392 2304 docet
421 2273 462 2304 ad
489 2283 539 2305 vs.
559 2273 630 2306 110.
643 2274 673 2306 2.
720 2274 871 2316 Itemque
902 2274 963 2306 Ph.
977 2275 1080 2306 Fabia
1102 2275 1156 2306 l.l.
1189 2285 1219 2316 p.
1243 2275 1279 2306 11
1291 2284 1363 2316 sqq.
1387 2273 1560 2316 ‘quelques
1588 2275 1689 2315 leqers
1710 2273 1766 2305 de-

290 2324 388 2357 fauts'
414 2325 448 2356 in
470 2325 586 2358 fabula
608 2326 810 2359 Terentiana
832 2328 989 2368 detegere
1012 2327 1143 2359 studuit
1162 2337 1224 2359 nec
1245 2329 1359 2359 tamen
1382 2337 1458 2359 cum
1472 2327 1631 2359 Nencinio
1655 2326 1767 2358 omnia

292 2378 377 2410 haec
398 2378 481 2410 vitia
503 2380 791 2412 contaminatione
814 2381 954 2413 duarum
983 2380 1172 2412 fabularum
1202 2390 1276 2413 esse
1306 2383 1381 2413 orta
1410 2380 1673 2413 concludendum
1703 2385 1765 2417 est,

292 2442 368 2464 cum
390 2432 491 2463 ctiam
514 2433 613 2464 unius
634 2433 770 2465 fabulae
793 2434 1016 2466 Menandreae
1039 2434 1160 2475 exigua
1182 2434 1264 2466 vitia
1294 2444 1369 2466 esse
1401 2434 1540 2476 possint.
1584 2433 1668 2464 Nam
1692 2433 1768 2475 quis

292 2488 353 2523 est,
378 2485 434 2528 qui
456 2485 530 2518 luce
553 2485 674 2519 clarius
696 2487 795 2520 nobis
816 2487 937 2530 probet
958 2488 993 2519 in
1016 2488 1188 2520 Menandri
1209 2488 1332 2520 fabulis
1353 2488 1435 2520 talia
1457 2488 1538 2519 vitia
1560 2497 1628 2518 non
1650 2486 1766 2525 fuisse,

292 2549 367 2571 cum
389 2549 431 2570 ne
454 2539 649 2580 Lessingius
672 2541 805 2582 quidem
828 2542 940 2582 poeta,
971 2543 1010 2572 ut
1032 2541 1094 2572 viri
1117 2541 1208 2573 docti
1230 2542 1553 2578 demonstraverunt,
1584 2540 1618 2571 in
1639 2540 1765 2577 fabula,

293 2603 378 2637 quae
400 2592 589 2625 inscribitur
607 2591 741 2627 ‘Emilia
764 2593 903 2628 Galotti'
926 2604 1093 2637 quamque
1116 2595 1211 2637 quasi
1233 2595 1400 2637 exemplar
1422 2594 1605 2636 proposuit,
1634 2603 1767 2636 semper

291 2647 370 2687 πρὸς
392 2646 427 2677 τὸ
448 2647 583 2677 πιθανόν
606 2650 863 2688 argumentatus
885 2649 953 2680 sit?
