2118 3040
878 195 1147 232 -11—

380 300 475 339 Hec.
489 300 553 340 IV.
570 301 594 339 2
623 301 723 349 (577.
739 302 775 351 2)
803 325 855 330 --
884 303 979 342 bono
1005 301 1140 340 ordine
1169 313 1194 340 a
1215 301 1450 351 purgatione
1476 301 1540 339 sui
1575 300 1748 350 incipit

272 369 396 405 mater
423 365 590 414 abitura,
620 379 669 406 ne
696 368 796 417 quod
822 366 983 406 discedit
1009 364 1242 404 iracundiae
1268 364 1461 404 videatur.

379 428 474 468 Hec.
492 428 557 469 IV.
572 430 597 468 4
626 431 726 478 (623.
741 431 778 479 3)
806 434 917 479 recte,
944 441 1040 469 nam
1066 429 1122 468 sic
1148 432 1185 468 et
1202 429 1344 468 amicos
1370 430 1593 468 incusamus
1609 429 1750 468 leniter

271 493 587 543 incipientes
613 498 648 533 et
673 495 859 545 qraviora
885 493 1101 543 inferentes
1122 521 1130 530 .
1151 520 1159 529 .
1180 522 1188 529 .
1209 523 1218 531 .

378 555 471 596 Hec.
491 557 579 597 808.
595 559 619 596 2
648 559 792 606 (novae
821 569 994 596 scaenae
1021 555 1181 595 initium
1208 555 1251 595 in
1279 554 1389 595 codd.
1408 555 1519 604 Don.)
1548 578 1601 583 —
1626 555 1749 598 facete

265 625 380 672 poeta
405 622 497 662 inde
523 622 862 673 incipientem
897 620 1002 671 facit,
1041 621 1141 671 quod
1175 620 1238 661 ille
1269 621 1429 661 minime
1455 622 1547 670 vult,
1583 620 1747 660 dicendo

271 687 423 727 ‘curre’.

375 749 445 789 Ph.
464 751 554 791 II.1
585 750 686 799 (231.
702 750 738 799 3)
776 762 856 789 non
887 749 1016 799 potuit
1051 749 1308 789 vehementius
1344 749 1576 798 incipere
1618 761 1741 798 qaam

269 818 314 854 ut
340 815 419 865 ipse
447 815 589 855 crimen
617 815 717 865 quod
744 814 856 854 obicit
882 814 1108 853 miraretur.

376 877 482 917 Num
510 878 564 917 sit
589 877 827 930 principium
854 877 1047 916 orationis
1074 876 1127 925 id,
1157 877 1262 928 quod
1289 877 1332 915 in
1360 888 1510 915 scaena
1537 875 1744 926 audiatur,

269 943 493 993 quaeritur:

375 1006 469 1046 Hec.
488 1008 539 1047 H.
560 1007 583 1045 2
613 1007 714 1055 (243.
730 1006 767 1051 2)
795 1009 958 1057 apparet
984 1009 1021 1046 et
1047 1006 1108 1045 hic
1134 1008 1252 1046 multa
1275 1006 1388 1055 prius
1408 1005 1521 1055 patri
1546 1018 1616 1045 suo
1644 1005 1748 1045 Phi-

268 1071 461 1111 lumenam
487 1073 651 1112 locutam
678 1083 767 1110 esse.
804 1083 893 1122 erqo
920 1070 1011 1110 haec
1048 1069 1241 1120 responsio
1273 1073 1338 1120 est,
1375 1082 1455 1109 non
1487 1070 1748 1120 principium.

374 1135 468 1173 Hec.
487 1137 560 1175 111.
575 1136 600 1173 4
620 1135 721 1183 (415.
737 1135 773 1183 2)
804 1164 811 1172 .
832 1165 840 1173 .
861 1163 869 1172 .
889 1165 897 1173 .
917 1139 953 1174 et
978 1135 1034 1174 sic
1057 1135 1206 1183 aliauid
1229 1135 1311 1174 iam
1328 1135 1472 1174 dixisse
1489 1134 1625 1185 maqni
1651 1132 1740 1186 (in)

260 1199 505 1248 praecedenti
545 1199 719 1238 oratione
760 1211 808 1238 ex
847 1198 1110 1249 respondentis
1150 1211 1322 1237 sermone
1353 1201 1606 1237 monstratur
1641 1196 1688 1237 cf.
1715 1197 1741 1236 3

266 1260 378 1315 (aut)
414 1264 458 1302 in
494 1275 636 1303 scaena
671 1263 849 1302 nascitur
885 1263 1009 1302 oratio
1045 1266 1114 1302 aut
1152 1263 1196 1302 in
1234 1274 1411 1301 scaenam
1443 1261 1627 1311 defertur.
1683 1260 1743 1300 Of.

266 1325 396 1365 locum
424 1326 618 1366 Hec.V.2
649 1326 802 1375 (767.1)
831 1338 954 1378 supra
981 1325 1238 1378 exscriptum.

373 1391 506 1441 Atque
535 1404 616 1442 qua
644 1394 730 1430 arte
757 1392 881 1442 poeta
900 1403 1071 1430 scaenae
1089 1390 1325 1441 principium
1350 1390 1494 1441 capiat,
1525 1389 1745 1429 scholiasta

267 1467 435 1506 quoque,
466 1455 533 1506 qui
559 1454 722 1494 fabulas
751 1467 773 1494 e
800 1454 1021 1494 Menandro
1055 1467 1269 1494 conversas
1298 1456 1468 1503 enarrat,
1506 1467 1580 1494 nos
1609 1453 1746 1493 docet:

371 1518 471 1558 Eun.
490 1521 562 1559 ΠΙ.
580 1520 601 1557 1
632 1520 733 1567 (391.
752 1521 785 1568 1)
814 1520 875 1559 hic
900 1533 1022 1559 sermo
1049 1520 1102 1559 sic
1122 1520 1265 1569 prodit,
1295 1524 1339 1560 ut
1360 1523 1449 1569 post
1475 1532 1657 1558 scaenam
1681 1521 1744 1558 in-

264 1583 421 1623 cohatus
448 1596 525 1623 esse
551 1587 735 1624 noscatur
749 1584 774 1633 1)
797 1615 804 1622 .
829 1613 837 1622 .
857 1616 866 1623 .
886 1613 894 1622 .

371 1647 492 1686 Andr.
511 1649 583 1687 ΙΠ.
601 1649 622 1685 1
644 1648 746 1695 (459.
762 1648 798 1696 2)
828 1662 876 1688 ex
893 1648 960 1687 hoc
973 1662 1154 1698 sermone,
1184 1662 1295 1697 quem
1308 1648 1447 1687 habent
1466 1648 1742 1698 inyredientes,

264 1724 411 1750 scaen
424 1724 481 1753 ae
508 1716 668 1762 apparet
688 1713 955 1763 principium;
983 1713 1083 1762 quod
1109 1713 1211 1753 enim
1239 1713 1413 1763 auditur,
1441 1724 1522 1751 non
1550 1713 1649 1762 quod
1676 1712 1742 1751 in‘

264 1777 419 1826 cipitur,
447 1777 590 1816 dicunt.

370 1925 443 1964 His
475 1925 596 1975 igitur
629 1927 816 1967 omnibus
843 1927 940 1967 locis
968 1927 1225 1979 interpretem
1252 1927 1456 1966 rhetoricis
1491 1926 1634 1966 studiis
1662 1927 1739 1965 im-

264 1989 407 2029 butum
435 2001 524 2028 esse
552 1991 840 2039 cognoscimus.
886 1991 1024 2043 Neque
1052 1994 1191 2031 tamen
1219 2004 1241 2030 e
1252 2004 1279 2030 x
1308 2004 1330 2030 o
1343 2003 1381 2030 m
1394 1991 1444 2029 ni
1471 2004 1496 2042 p
1508 2003 1533 2030 a
1542 2003 1561 2029 r
1571 1992 1588 2029 t
1598 2003 1620 2029 e
1649 1990 1674 2029 d
1685 2003 1707 2030 e
1720 2012 1737 2019 -

265 2054 387 2092 sunt
406 2052 467 2092 ad
485 2053 699 2094 fabulas
719 2056 789 2107 Ap
802 2055 1101 2096 ollodoreas
1129 2055 1391 2095 adnotata
1419 2051 1740 2095 aes'thetica.

263 2117 336 2155 His
363 2118 501 2155 autem
529 2117 688 2156 scholiis
708 2119 822 2158 varia
850 2121 1088 2168 tractantur,
1118 2132 1221 2171 quae
1250 2118 1408 2170 quidem
1437 2119 1554 2158 nobis
1583 2131 1688 2157 mem
1694 2131 1737 2157 o—

262 2180 389 2220 randa
415 2180 615 2230 videntur,
645 2182 805 2222 etiamsi
833 2182 883 2223 de
909 2183 987 2224 hac
1014 2184 1250 2236 quaestione
1279 2184 1449 2223 fortasse
1479 2182 1577 2222 nihil
1605 2195 1739 2223 nova-

261 2248 350 2284 tum
377 2245 492 2284 imus.

368 2309 530 2348 Initium
559 2322 584 2348 a
610 2322 635 2360 p
646 2322 666 2347 r
675 2323 698 2349 o
709 2312 727 2349 t
737 2324 762 2350 a
772 2312 812 2350 ti
823 2313 866 2351 ci
877 2325 897 2351 s
931 2325 1035 2364 quae
1064 2314 1260 2352 vocantur
1292 2311 1472 2363 personis
1507 2312 1712 2362 capiamus
1728 2324 1738 2350 z

370 2459 392 2500 ¹)
416 2459 546 2501 Optime
567 2460 676 2491 artem
697 2461 821 2501 poetae
842 2471 981 2495 novae
996 2462 1245 2495 comoediae
1260 2479 1301 2485 —
1316 2471 1394 2493 nam
1409 2461 1495 2493 ratio
1510 2471 1531 2493 a
1548 2460 1735 2503 Sophocle,

261 2513 426 2556 Euripide,
450 2512 696 2555 (Aristophane)
718 2513 870 2547 adhibita
890 2515 925 2548 in
948 2515 1115 2559 principiis
1136 2525 1333 2549 scaenarum
1356 2514 1422 2547 alia
1444 2516 1496 2547 est
1518 2532 1560 2538 --
1582 2513 1617 2547 hi
1637 2514 1737 2547 scho-

260 2567 379 2600 liastae
402 2568 643 2608 cognoverunt,
667 2566 710 2599 cf.
727 2566 779 2600 Fr.
796 2567 876 2608 Leo,
902 2569 988 2608 „Der
1008 2569 1170 2611 Monolog
1190 2569 1236 2601 im
1258 2569 1399 2601 Drama‘
1428 2568 1511 2600 1908
1532 2569 1579 2609 (et
1600 2567 1734 2600 inAbhz

261 2621 293 2653 d.
308 2620 488 2653 Gesellsoh.
506 2620 535 2653 d.
549 2620 649 2653 Wiss.
674 2630 716 2651 zu
738 2620 922 2663 Gottingen
944 2623 984 2656 N.
999 2623 1033 2656 F.
1053 2622 1102 2655 10.
1127 2623 1211 2656 1908
1232 2622 1408 2665 phil-hist.
1426 2621 1492 2662 Kl.)
1515 2632 1545 2664 p.
1562 2621 1614 2655 43.

327 2678 442 2704 Struck.
1502 2675 1523 2706 2
