2118 3040
923 237 1190 276 —23-

425 343 526 383 Eun.
553 344 643 384 360.
674 345 708 384 1.
763 344 970 393 artifiovhse
1005 345 1173 384 inculcat
1201 349 1316 394 poeta
1358 345 1401 383 τὸ
1438 345 1621 384 πιθανόν.
1676 343 1797 392 (Idem

318 408 547 458 scholiasta,
578 409 645 459 qui
673 410 898 458 οἰκονομίαν
931 407 1103 447 adnotat
1129 407 1230 448 Eun.
1250 408 1341 448 359.
1361 409 1398 458 2)

423 470 498 512 Ad.
517 471 606 512 654.
629 473 662 511 1.
694 473 881 515 πιθανῶς.
910 471 964 511 cf.
984 484 1106 524 supra
1125 471 1246 511 schol.
1267 471 1386 524 Soph.
1406 471 1462 511 El.
1482 472 1572 511 660.
1592 495 1639 500 —
1664 471 1795 511 Schol.

317 535 405 577 Eur.
423 536 571 576 Phoen.
593 536 707 576 1357.
735 535 852 588 Hipp.
871 536 962 576 337.
981 536 1062 576 514
1092 535 1141 576 al.

423 599 545 639 Andr.
568 601 657 639 447.
683 601 718 639 2.
764 601 861 640 mire
900 605 1093 641 servatam
1135 605 1189 641 est
1229 602 1274 640 in
1314 603 1552 642 adulescente
1592 601 1707 640 libero
1751 600 1796 638 τὸ

315 665 464 715 πρέπον
476 665 502 714 ²)
540 668 575 705 et
610 665 656 705 in
691 668 862 705 amatore
894 665 937 704 τὸ
973 665 1141 704 πιθανόν
1154 666 1193 715 ²),
1227 678 1322 705 nam
1349 697 1357 706 .
1383 697 1391 705 .
1417 697 1425 706 .
1464 663 1512 704 ef.
1532 662 1654 704 schol.
1675 662 1795 716 Soph.

316 728 409 768 Ant.
430 729 491 768 65.
528 730 760 771 πιθανῶς
787 730 852 768 καὶ
878 734 947 767 τοῦ
975 731 1263 778 πρέποντος
1290 730 1521 779 ἐφρόντισεν.

422 792 482 832 De
511 793 713 843 οἰκονομίᾳ
742 794 865 844 eaput
884 791 1143 833 absolvimus,
1189 794 1313 833 Iuvat
1340 791 1482 832 deinde
1510 805 1641 844 pauca
1669 792 1793 832 etiam

316 856 364 895 de
393 858 577 906 ἠθοποιίᾳ
605 856 762 896 afferre.

828 1105 875 1152 2.
908 1105 977 1153 ΒΘ
1011 1104 1272 1163 ἠθοποιίᾳ.

420 1200 661 1252 Principium
691 1200 896 1252 capiamus
931 1213 956 1239 a
984 1199 1105 1240 schol.
1131 1200 1250 1252 Soph.
1269 1199 1325 1239 El.
1345 1213 1403 1240 vs.
1424 1201 1502 1240 328
1531 1213 1653 1252 supra
1680 1213 1716 1252 p.
1738 1201 1791 1239 16

314 1265 526 1316 exscripto:
546 1266 714 1316 ἐπίτηδες
727 1270 804 1308 τοῖς
817 1266 960 1315 ἀγρίοις
973 1266 1107 1315 ἤθεσιν
1122 1266 1433 1315 ἀντιπαράττουσι
1446 1269 1551 1315 πρᾶα
1567 1266 1747 1314 καθάπερ
1761 1297 1769 1304 .
1783 1295 1792 1302 .

312 1329 399 1369 Hoc
426 1329 531 1369 enim
569 1329 656 1369 loco
684 1329 879 1380 interpres
909 1333 1038 1369 artem
1066 1328 1303 1380 ethopoeiae
1341 1342 1469 1381 aeque
1508 1329 1560 1368 ab
1598 1329 1719 1380 epicis
1750 1331 1793 1368 et

313 1393 543 1433 dramatieis
570 1393 700 1445 poetis
719 1392 943 1433 adhibitam
961 1392 1148 1433 illustrat.
1195 1392 1299 1433 Nam
1319 1396 1451 1445 poeta,
1481 1406 1572 1433 cum
1600 1393 1790 1433 iudicium

312 1470 505 1510 personae
525 1457 690 1498 alterius
719 1457 767 1497 de
787 1457 914 1498 altera
933 1457 1050 1498 nobis
1078 1460 1228 1508 narrat,
1259 1470 1349 1498 eam
1369 1457 1566 1509 describit,
1597 1470 1792 1510 persaepe

312 1523 435 1562 etiam
455 1522 705 1562 demonstrat
723 1523 893 1562 alteram
911 1535 1124 1574 personam
1144 1524 1217 1562 aut
1232 1535 1322 1562 esse
1342 1522 1512 1562 similem
1531 1522 1696 1562 alterius
1717 1524 1793 1562 aut

312 1599 441 1626 mores
461 1587 549 1625 eius
569 1599 595 1625 a
614 1586 789 1625 moribus
809 1586 975 1625 alterius
994 1586 1220 1637 abhorrere,
1251 1599 1332 1638 qua
1352 1599 1394 1625 re
1413 1586 1475 1636 fit,
1504 1589 1552 1626 ut
1570 1588 1788 1638 spectator⁷

312 1650 381 1702 qui
408 1651 542 1706 animo
570 1664 644 1691 suo
672 1664 865 1703 personas
892 1651 935 1690 in
963 1651 1303 1702 comparationem
1332 1653 1465 1700 vocat,
1500 1651 1643 1689 melius
1683 1664 1790 1702 quae

312 1715 366 1753 sit
410 1727 689 1767 unaquaeque,
739 1717 966 1765 cognoscat.
1022 1714 1102 1755 Sed
1148 1714 1334 1755 Donatus
1385 1715 1660 1755 ‘aestheticus'
1712 1727 1789 1754 nos

312 1778 473 1818 doceat:
554 1778 558 1784 '

418 1853 518 1895 Eun.
540 1855 628 1894 132.
670 1869 718 1896 ex
744 1856 874 1896 aliena
893 1869 1065 1906 persona
1093 1857 1173 1896 vult
1206 1857 1400 1896 ostendere
1422 1860 1579 1906 praeter
1607 1856 1789 1908 affectam

311 1921 450 1967 quanti
481 1921 555 1960 sibi
591 1922 851 1960 existimanda
887 1921 938 1960 sit
974 1924 1010 1959 et
1046 1924 1192 1969 quanto
1228 1933 1389 1959 munere
1425 1921 1532 1959 miles
1570 1921 1791 1960 Pliaedriae

310 1985 494 2024 meruerit
521 1985 706 2035 anteponi
735 1982 794 2033 (cf.
817 1984 904 2024 136.
925 1984 974 2033 2).

417 2057 490 2097 Ad.
510 2059 572 2098 80.
610 2059 777 2098 Salvum
795 2061 837 2098 te
858 2059 1062 2108 advenire,
1092 2059 1257 2107 Demea,
1287 2059 1510 2108 gaudemus
1538 2064 1582 2099 ut
1609 2061 1787 2110 asperior

310 2123 533 2163 ostendatur
559 2123 720 2174 Demea,
748 2124 865 2164 etiam
890 2124 1086 2164 salutatur
1114 2124 1160 2164 ab
1189 2137 1242 2174 eo,
1277 2137 1386 2174 quem
1420 2123 1695 2176 obiurqaturus
1723 2128 1787 2164 est.

310 2185 363 2225 Cf.
378 2186 451 2225 Ad.
467 2187 530 2226 81.
547 2188 580 2227 1.
601 2189 690 2228 447.
704 2189 739 2228 2.
773 2187 845 2227 Ad.
862 2189 923 2227 26.
941 2193 976 2228 2.
1015 2187 1135 2227 Andr.
1153 2188 1241 2227 274.
1260 2189 1294 2227 1.

417 2347 439 2387 1)
462 2347 549 2378 Illud
571 2351 685 2380 autem
699 2350 821 2389 πρέπον
836 2359 996 2391 persaepe
1011 2349 1045 2381 in
1061 2349 1165 2381 schol.
1183 2349 1319 2381 Graecis
1334 2349 1470 2390 tragicis
1484 2351 1587 2391 atque
1602 2349 1788 2381 Homericis

310 2399 495 2432 exhibitum
527 2400 696 2434 invenitur
728 2402 907 2445 praecipue
940 2402 974 2435 in
1008 2402 1251 2436 commentario
1285 2401 1475 2435 fabularum
1506 2402 1591 2441 Ter„
1626 2412 1711 2444 quae
1745 2402 1787 2435 de

309 2454 490 2486 Menandro
513 2456 593 2486 sunt
622 2456 758 2488 ductae:
789 2457 876 2489 Don.
893 2457 995 2489 Andr.
1011 2457 1127 2489 7981.
1163 2456 1252 2488 Ad.*
1266 2456 1340 2489 598.
1358 2457 1386 2488 1.
1410 2457 1589 2488 Praeterea
1612 2466 1679 2487 uno
1709 2456 1787 2487 loco

310 2506 445 2540 Terenti
467 2507 569 2539 Andr.
585 2507 659 2542 325.
1220 2549 1224 2552 ν

416 2561 438 2602 ²)
459 2559 595 2592 πιθανόν
617 2561 651 2593 in
673 2562 940 2596 Menandreis
967 2563 1088 2595 modo
1116 2563 1274 2596 fabulis
1297 2563 1468 2595 Terenti
1497 2562 1659 2595 enarratis
1687 2563 1789 2595 nobis

310 2615 463 2647 occurrit.
484 2613 642 2645 ἀπίθανον
664 2625 732 2647 uno
754 2616 830 2649 loco
854 2616 962 2650 Hecst*
979 2615 1050 2649 138.
1068 2616 1098 2655 3,
1122 2616 1182 2648 sed
1208 2616 1274 2649 hoc
1295 2626 1387 2649 mera
1409 2616 1601 2649 coniectura
1622 2615 1788 2658 Stephani

310 2669 362 2701 est
383 2678 404 2701 a
425 2667 594 2701 codicibus
615 2677 683 2700 non
707 2670 929 2711 suppeditata.
