2118 3040
893 190 1135 228 ..9-

379 295 473 334 Hec.
493 294 548 334 IV
563 296 598 334 2.
619 297 718 344 (577.
741 298 776 345 1)
802 298 846 337 in
866 297 938 336 hac
964 308 1107 336 scaena
1127 297 1227 336 velut
1251 293 1473 346 [qualitas
1489 293 1754 346 neqotialis]

266 361 317 401 in
346 358 739 414 [disputationem]
770 363 884 413 venit,
913 362 1110 401 iustumne
1128 360 1179 400 sit
1198 359 1396 410 repudiari
1415 359 1617 410 coniuyem
1636 371 1755 400 causa

272 426 420 476 matris,
449 429 485 465 et
513 426 670 466 omnino
698 424 768 479 (ab
788 425 852 479 eo>
880 426 980 475 quod
1006 424 1094 473 fieri
1121 426 1259 466 deceat.

380 489 426 529 cf.
445 489 539 530 Hec.
559 489 614 529 lV
632 490 667 530 3.
688 490 789 540 (607.
812 491 846 539 1)
875 491 920 530 in
947 489 1015 529 hoc
1042 489 1222 538 colloquio
1250 489 1508 528 reconciliatio
1537 501 1674 528 senum
1702 492 1756 527 est

265 558 355 605 post
372 555 547 607 iurqium
565 557 691 596 mixta
720 554 852 607 [disp
863 568 890 594 u
902 554 1034 594 tatio
1045 567 1073 593 n
1086 552 1121 606 e]
1153 553 1353 604 Pamphili
1371 552 1418 592 de
1436 565 1518 592 non
1535 553 1755 593 reducenda

272 633 403 660 uxore.

379 683 449 722 Ph.
469 683 535 723 13.
565 684 665 732 (153.
686 684 721 733 2)
764 682 1098 735 [comparativa
1136 680 1356 733 qualitas]
1398 680 1457 729 (cf.
1477 680 1571 720 Hec.
1594 681 1655 729 14,
1679 681 1755 720 164

273 749 358 796 etc.)
386 748 432 787 in
449 747 522 787 hac
539 761 679 788 scaena
697 752 751 787 est
764 749 869 787 inter
886 746 1123 797 Antiphonis
1141 747 1261 786 vitam
1280 750 1315 786 et
1333 746 1553 785 Phaedriae
1562 759 1577 795 ,·
1597 743 1696 798 [qen
1703 759 1756 785 us

267 825 458 852 »causae
476 809 967 862 demonstrativum}
998 809 1345 862 [contendunt]
1366 814 1507 860 autem,
1527 814 1613 850 uter
1633 810 1755 860 maqis

272 877 390 915 miser
416 877 477 915 sit.

379 939 448 978 Ph.
478 939 512 978 II
539 941 570 979 1.
601 940 758 988 (231.1)
796 939 841 978 in
869 939 939 978 hac
965 952 1105 979 scaena
1134 937 1453 990 [accusatio]
1476 942 1530 978 est
1563 942 1598 977 et
1629 936 1755 989 [con-

270 1003 537 1055 tradictio]
560 1019 634 1054 per
663 1003 896 1055 [remotiv
909 1017 982 1042 am
1010 1002 1334 1054 qualitatem]

382 1067 590 1115 (remotiva
619 1080 682 1118 qu.
711 1067 806 1106 Hee.
826 1067 915 1105 263.
936 1067 972 1116 2,
1003 1067 1091 1105 266.
1114 1067 1148 1117 1,
1179 1067 1267 1106 625.
1287 1067 1335 1115 4).

380 1131 449 1170 Ph.
473 1131 508 1169 Π
527 1132 562 1171 3.
591 1132 692 1180 (348)
737 1133 780 1171 in
817 1132 890 1172 hac
924 1123 1074 1181 scaena,
1117 1136 1162 1171 ut
1207 1132 1423 1171 rhetoribus
1458 1131 1595 1181 placet,
1637 1130 1756 1171 veluti

275 1197 463 1244 quaedam
493 1194 881 1248 [controversia]
913 1200 978 1246 est,
1006 1208 1105 1246 quae
1132 1209 1212 1235 uno
1241 1200 1407 1246 tempore
1436 1194 1509 1247 [ex
1536 1199 1756 1244 utraque

267 1258 434 1312 parte]
464 1264 665 1310 tractatur,
694 1264 739 1300 ut
765 1262 801 1300 si
828 1261 915 1310 quis
943 1261 1048 1300 dicat
1074 1263 1193 1311 leqem
1220 1275 1307 1310 esse,
1336 1275 1385 1300 ne
1413 1262 1458 1300 de
1481 1261 1611 1300 eadem
1638 1273 1681 1299 re
1699 1260 1756 1299 bis

276 1328 429 1373 aqatur,
458 1328 492 1363 et
519 1325 621 1374 item,
651 1328 696 1364 ut
724 1325 855 1364 orbam
876 1325 1085 1375 proximus
1112 1326 1238 1364 ducat.
1278 1325 1438 1374 quidam
1466 1325 1618 1364 absente
1639 1328 1755 1374 patre

272 1388 342 1427 sub
379 1388 446 1426 hoc
482 1389 637 1427 nomine
673 1402 833 1427 umorem
875 1392 1026 1427 coactus
1067 1390 1142 1427 erit
1178 1388 1334 1427 ducere:
1375 1389 1457 1427 vult
1498 1389 1604 1427 illam
1639 1392 1755 1438 pater

275 1452 483 1490 adveniens
515 1452 632 1491 eicere
669 1453 715 1491 de
753 1453 1021 1492 matrimonio:
1059 1451 1093 1503 [c
1104 1466 1124 1491 o
1135 1467 1162 1492 n
1174 1457 1220 1491 tr
1230 1466 1254 1492 a
1266 1453 1317 1491 di
1328 1454 1432 1492 citu
1443 1451 1491 1504 r].
1538 1453 1755 1492 meminisse

279 1518 408 1553 autem
443 1515 616 1553 debemus
650 1516 693 1554 in
731 1517 839 1555 omni
868 1515 1145 1567 [contentio
1157 1515 1229 1568 ne]
1260 1530 1304 1555 ea
1334 1518 1502 1555 maxime
1529 1517 1618 1565 dici,
1658 1529 1755 1565 quae

273 1578 438 1629 simplici
449 1579 561 1629 patri
587 1580 764 1630 familias
791 1585 827 1621 et
853 1581 1087 1620 calumnioso
1115 1580 1373 1631 sycophantae
1401 1581 1754 1631 improbissimoque

269 1644 448 1693 parasito
476 1656 684 1694 conqruere
705 1649 842 1694 poetae
868 1646 953 1685 visa
980 1646 1070 1685 sint.

381 1705 451 1747 Ph.
471 1706 508 1746 V
522 1707 557 1746 9.
579 1707 682 1757 (990)
712 1709 772 1748 hic
796 1710 898 1750 velut
928 1708 1318 1762 [controversia]
1350 1714 1414 1760 est,
1444 1710 1487 1750 in
1507 1723 1584 1759 qua
1602 1724 1692 1750 reus
1710 1708 1755 1758 fit

274 1772 440 1811 maritus
463 1773 587 1811 malae
612 1775 864 1813 tractationis.
902 1779 937 1813 et
955 1779 1009 1813 est
1039 1773 1223 1826 [status
1252 1775 1482 1823 qualitas
1510 1774 1751 1825 venialis]

383 1835 564 1884 (venialis
598 1836 645 1876 cf.
674 1836 768 1879 Hec.
794 1839 882 1878 270.
908 1839 944 1889 5,
988 1839 1076 1878 382.
1098 1839 1134 1888 2,
1174 1839 1262 1878 660.
1288 1839 1322 1878 2.
1374 1838 1444 1878 Ph.
1472 1839 1559 1878 281.
1586 1840 1622 1889 4,
1663 1839 1752 1889 733,

272 1900 365 1947 751,
388 1900 502 1948 1014,
528 1901 629 1938 1035
659 1903 755 1949 ete).

381 1962 583 2003 Hec.113.
606 1965 626 2003 1
659 1965 759 2014 (274.
782 1967 816 2015 1)
855 1968 899 2007 in
927 1968 997 2008 hac
1032 1981 1171 2008 scaena
1199 1972 1252 2008 est
1286 1969 1550 2018 allocutio,
1589 1982 1665 2018 qua
1693 1970 1754 2008 in—

275 2028 430 2067 ducitur
453 2041 577 2067 secum
605 2031 761 2077 loquens
793 2044 905 2081 anus,
928 2046 1001 2082 per
1029 2045 1147 2081 quam
1176 2031 1492 2084 [orationem]
1523 2046 1644 2071 mores
1672 2034 1755 2072 eius

272 2096 311 2131 et
338 2092 493 2131 animus
519 2093 624 2131 mitis
651 2094 819 2146 intelleqi
840 2097 974 2146 possit.

382 2155 748 2207 Hee.1111.(281.1)
778 2160 838 2198 hic
857 2161 1102 2200 allocutio
1127 2165 1182 2200 est
1199 2174 1273 2211 per
1293 2159 1754 2212 [conquestionem]

384 2220 629 2271 (conquestio
669 2221 715 2260 ef.
745 2235 867 2275 supra.
904 2225 997 2263 Hec.
1023 2225 1111 2264 361.
1140 2226 1178 2274 13
1221 2226 1432 2276 praeterea
1478 2225 1525 2263 cf.
1554 2225 1754 2264 rhetorem

278 2284 376 2323 Eun.
399 2284 484 2321 144.
506 2284 529 2321 2
559 2285 655 2333 ete).

384 2348 599 2388 Praeterea
627 2351 800 2393 allocutio
823 2367 898 2403 per
925 2355 1226 2403 conquestionem
1255 2355 1477 2394 invenitur:

384 2413 454 2451 Ph.
474 2412 511 2450 V
529 2413 564 2452 3.
594 2414 697 2463 (784)
736 2416 868 2456 divitis
904 2419 1041 2458 umoris
1073 2420 1119 2458 de
1146 2420 1288 2458 marito
1315 2420 1491 2459 licentius
1526 2418 1699 2471 [conqu
1710 2433 1754 2459 e-

278 2476 440 2530 rentis]
461 2478 552 2517 haec
577 2476 825 2532 [allocutio]
847 2486 901 2521 est
921 2496 1008 2523 cum
1026 2483 1269 2533 dispositione
1286 2485 1520 2534 futurarum
1540 2485 1754 2524 turbarum.

384 2542 456 2580 His
477 2541 632 2581 scaenis
647 2542 875 2593 Apollodori
895 2547 1091 2586 enarratis
1111 2547 1331 2586 scholiasta
1350 2560 1595 2599 quamquam
1615 2550 1752 2587 osten-

274 2606 338 2645 dit
366 2619 408 2645 se
436 2605 599 2645 fabulae
629 2608 864 2647 contextum
885 2611 986 2649 satis
1005 2610 1263 2660 intellexisse,
1292 2613 1431 2650 tamen
1453 2611 1500 2651 de
1521 2611 1609 2651 aliis
1630 2612 1755 2651 verba.
