2118 3040
842 208 1111 247 -31-

344 316 711 365 ὕποκόρισμαῑ)
740 315 860 355 Andr.
882 316 969 355 710.
984 316 1029 365 33
1066 314 1166 353 Eun.
1186 315 1275 354 531.
1292 314 1336 364 23
1369 313 1442 353 Ad.
1459 314 1597 362 763.3,
1628 313 1716 353 786.

345 380 790 430 dupoodouvjzwcl)
817 378 918 420 Eun.
939 380 1028 419 779.
1045 380 1079 419 1.

343 444 448 494 παρὰ
476 446 712 494 προςόοκίαν
723 445 750 493 ²)
779 443 879 484 Eun.
901 446 962 484 14.
977 444 1015 494 2,
1045 444 1108 483 98.
1123 444 1160 493 3,
1191 444 1279 482 223.
1297 444 1318 482 1
1350 443 1432 492 (Ph.
1453 443 1542 482 208.
1559 444 1606 492 1).

345 508 440 546 ἀπὸ
468 513 553 546 τοῦ
587 509 878 558 ἀόυνάτουῑ)
907 508 980 548 Ad.
1000 508 1130 547 693.3
1168 507 1216 547 cf.
1236 508 1363 548 694.1
1394 508 1472 546 ἀπὸ
1501 511 1568 546 τοῦ
1597 508 1713 545 ἄλλον

236 573 440 612 ἀδυνάτου.

345 635 588 685 (secundum)
617 639 1052 688 φυσιογνώμονας
1079 635 1174 675 Hec.
1196 636 1256 675 75.

344 702 553 740 comoediae
580 702 818 744 σύνθεσις
845 701 916 741 Ph.
938 701 1050 741 57.3.

345 766 678 814 ὀραματικῶς
704 770 809 805 errat
835 765 929 804 Hoc.
950 765 1039 804 349.
1056 765 1091 803 2.

342 829 519 879 κωφὸν
537 829 811 878 πρόσωπον
829 827 1181 869 Eun.5060f.Hec.
1199 828 1335 875 7933,
1348 828 1409 867 78.
1424 827 1470 878 33
1490 826 1657 867 Ph.l52.
1674 827 1710 876 2,

237 893 327 932 350.
344 894 378 933 1.

342 958 468 997 κατὰ
496 958 550 997 τὸ
579 960 950 1009 σιωπώμενονῗ)
971 957 1071 998 Eun.
1091 958 1169 997 435
1190 957 1236 997 cf.
1257 956 1377 997 schol.
1396 956 1487 997 Eur.
1506 955 1601 996 Hec.
1617 957 1711 1005 484;

236 1022 336 1062 Don.
356 1023 448 1062 Hec.
470 1023 558 1062 711.
576 1024 608 1062 1.

342 1088 626 1137 ἀνάμνησις
653 1085 773 1126 Andr.
795 1087 882 1127 105.
897 1088 932 1126 2.

340 1167 370 1189 π
380 1166 405 1189 α
416 1166 440 1200 ρ
450 1166 476 1190 α
486 1166 508 1189 σ
519 1167 543 1189 κ
554 1166 572 1189 ε
582 1167 605 1189 υ
617 1153 640 1200 ή
683 1153 950 1203 (praeparatio,
982 1152 1250 1202 praestructio)
1280 1149 1402 1190 Andr.
1423 1150 1512 1188 226.
1529 1151 1549 1188 1
1564 1166 1572 1200 ;
1610 1149 1709 1188 Eun.

239 1215 326 1255 103.
342 1215 385 1266 23
414 1214 487 1255 Ad.
508 1214 625 1254 *263
641 1215 685 1265 43
714 1213 807 1256 Hec.
827 1215 915 1255 574.
933 1216 974 1260 1;
1003 1214 1074 1256 Ph.
1097 1215 1184 1254 101.
1200 1215 1236 1254 3.

342 1289 422 1329 Sed
462 1301 514 1329 ne
555 1289 662 1328 hunc
705 1288 860 1341 quidem
905 1289 1172 1329 aestheticum
1209 1289 1437 1328 ‘rhetorem'
1476 1289 1519 1327 in
1560 1287 1710 1328 fabulis

234 1353 488 1395 Menandreis
516 1353 687 1394 eundem
715 1366 803 1394 esse
823 1357 944 1407 atque
956 1354 1010 1394 *in
1028 1353 1304 1406 Apollodoreis
1333 1353 1541 1394 adnotatis
1570 1353 1709 1393 existi-

234 1432 404 1459 mamus.
458 1419 710 1458 Exhibentur
746 1420 851 1459 enim
893 1432 1013 1470 saepe
1060 1418 1203 1458 eadem
1245 1418 1447 1458 vocabula
1492 1418 1592 1458 artis
1637 1418 1707 1467 ita,

233 1486 280 1523 ut
316 1482 396 1523 illic
434 1483 693 1523 scholiastam
730 1483 858 1534 magis
897 1483 1176 1533 aestheticum,
1220 1483 1285 1522 hic
1318 1496 1414 1523 vero
1451 1483 1579 1522 virum
1617 1495 1711 1523 vere

233 1549 475 1588 rhetoricum
504 1548 623 1587 dicas.
666 1547 779 1595 Quod
806 1550 853 1586 ut
879 1548 1103 1599 probemus,
1132 1547 1329 1587 nonnulla
1357 1547 1501 1598 eligere
1520 1546 1641 1587 liceat
1660 1560 1711 1587 ex

233 1613 539 1664 quaestionibus
566 1613 716 1652 nostris
735 1612 784 1652 de
804 1612 962 1652 Donato
978 1611 1198 1651 scholiasta
1211 1611 1409 1652 rhetorico
1425 1612 1710 1662 grammatico-

233 1677 350 1727 que.⁸)
407 1675 540 1716 Oculis
568 1676 690 1726 igitur
716 1676 971 1725 subiciamus,
1000 1687 1103 1727 quae
1132 1675 1435 1715 enucleavimus
1467 1677 1500 1715 1.
1530 1674 1579 1714 de
1609 1688 1709 1714 ana-

232 1733 349 1791 logia,
380 1741 415 1781 2.
444 1739 492 1780 de
522 1739 776 1792 amphibolia,
806 1740 842 1781 3.
871 1739 919 1780 de
948 1739 1124 1790 astismo‚
1152 1740 1188 1779 4.
1217 1739 1266 1779 de
1295 1739 1518 1792 ethopoeia.

340 1890 361 1931 ¹)
383 1890 421 1922 In
442 1892 592 1924 tractatu
604 1890 805 1923 Coisliniano
829 1890 903 1932 (illis
926 1890 1089 1932 excerptis
1111 1900 1152 1922 ex
1174 1889 1336 1931 ampliore
1348 1890 1420 1922 sive
1432 1890 1474 1922 de
1485 1890 1618 1932 poetica
1634 1891 1707 1923 uni-

231 1953 329 1976 versa
350 1943 421 1976 sive
444 1943 485 1976 de
507 1944 601 1986 poesi
616 1943 769 1977 scaenica
784 1943 878 1985 libro)
890 1943 1030 1985 legimus
1043 1943 1142 1984 (Com,
1156 1942 1272 1976 Graec.
1288 1943 1419 1984 frgm.1.
1432 1943 1448 1975 1
1469 1944 1522 1976 ed.
1534 1944 1572 1976 G.
1590 1944 1708 1976 Kaibel

231 2006 263 2038 p.
279 1995 330 2028 50.
343 1996 394 2038 51)
418 1997 520 2029 risum
541 1997 634 2039 gigni
656 1999 716 2029 aut
737 1996 800 2028 ἀπὸ
822 2001 876 2038 τῆς
897 1996 1021 2034 λέξεως,
1043 1997 1076 2029 id
1098 1998 1151 2028 est
1172 1995 1255 2027 κατὰ
1270 1996 1470 2037 ὁμωνυμίαν,
1493 1999 1705 2037 συνωνυμίαν,

230 2049 427 2090 ἀδολεσχίαν,
438 2051 660 2091 παρωνυμίαν,
681 2051 733 2083 ὖπ
741 2063 759 2082 ο
767 2063 788 2082 κ
797 2052 816 2082 ό
823 2063 843 2091 ρ
856 2064 866 2082 ι
875 2062 924 2091 σμ
933 2063 952 2082 α
962 2075 970 2088 ,
992 2049 1173 2090 ἐξαλλαγήν,
1195 2054 1304 2090 σχῆμα
1315 2050 1444 2089 λέξεως,
1475 2053 1536 2083 aut
1557 2051 1621 2082 ἀπὸ
1643 2055 1707 2083 τῶν

229 2101 424 2144 πραγμάτων
456 2104 476 2136 i.
493 2114 522 2138 e.
555 2104 592 2135 ἐκ
615 2109 670 2145 τῆς
700 2104 895 2144 ὁμοιώσεως,
927 2103 965 2135 ἐκ
995 2108 1049 2144 τῆς
1078 2102 1207 2143 ἀπάτης,
1240 2103 1256 2134 ἒ
1261 2116 1282 2135 κ
1315 2116 1357 2135 το
1366 2108 1385 2135 ῦ
1414 2104 1589 2136 domato
1598 2117 1617 2136 v
1627 2129 1635 2142 ,
1668 2105 1706 2136 ἐκ

230 2161 285 2188 τοῦ
308 2155 442 2188 §medum
464 2157 520 2189 καὶ
542 2157 776 2197 ἀνακολούθου,
809 2158 853 2190 ἔκ
877 2163 944 2190 τοῦ
966 2157 1071 2198 παρὰ
1091 2157 1347 2198 προσδοκίαν
1370 2168 1439 2202 eqs.
1475 2177 1517 2183 —-
1547 2159 1630 2192 Cum
1652 2170 1707 2192 ea-

230 2211 305 2243 dem
327 2211 493 2243 vocabula
526 2211 626 2245 huius
655 2214 804 2245 auctoris
826 2213 942 2246 Graeci
969 2212 1144 2245 aesthetici
1170 2222 1192 2243 a
1213 2211 1390 2245 rhetoricis
1413 2223 1548 2256 quoque
1570 2213 1707 2246 adhibe-

229 2266 339 2304 antur,
371 2274 441 2296 non
470 2274 602 2307 semper
623 2266 841 2299 scholiastam
862 2267 1084 2299 aestheticum
1113 2267 1148 2298 et
1174 2265 1380 2309 rhetoricum
1409 2267 1589 2299 diiudicare
1617 2267 1706 2300 licet.

231 2317 313 2351 Sed
333 2317 498 2359 figuras
519 2317 596 2349 ἀπὸ
618 2324 687 2351 τοῦ
710 2319 916 2352 ἀδυνάτου
940 2321 982 2353 et
1003 2319 1267 2359 ὑποκόρισμα
1291 2319 1332 2352 ἱί]
1359 2322 1600 2354 commento
1624 2321 1706 2354 Me-

231 2370 515 2404 nandrearum
536 2373 660 2405 modo
683 2373 930 2417 fabular2um
951 2373 1151 2406 adnotari
1172 2373 1607 2407 animadvertendum
1631 2377 1705 2407 est.

337 2425 361 2465 Β)
384 2424 433 2456 Cf.
448 2424 491 2457 M.
507 2425 602 2456 Dorn
623 2425 679 2459 1.1.
702 2437 734 2468 p.
745 2427 798 2460 50.
836 2427 936 2459 Henr.
952 2426 1093 2468 Georgii,
1116 2426 1178 2457 Die
1199 2425 1315 2458 antike
1329 2425 1535 2460 Aneiskritik
1557 2437 1619 2460 aus
1641 2427 1706 2460 den

231 2478 389 2512 Scholien
411 2478 478 2510 und
500 2478 646 2511 anderen
669 2480 809 2519 Quellen
831 2481 1035 2523 hergestellt.
1081 2480 1253 2521 Stuttgart
1276 2480 1358 2512 1891
1382 2491 1414 2522 p.
1434 2482 1504 2515 157.

337 2533 360 2572 ³)
382 2531 504 2563 Totam
527 2531 568 2563 de
590 2532 726 2565 Donato
750 2537 923 2568 oratore
943 2534 1063 2567 urbis
1084 2533 1236 2565 Romae
1258 2535 1294 2565 et
1313 2534 1592 2575 qrammatico
1615 2544 1706 2566 com-

229 2585 479 2625 mentationem,
510 2595 610 2628 quam
631 2586 838 2629 amplissimo
867 2587 1142 2631 philosophorum
1170 2586 1285 2620 ordine
1308 2588 1480 2621 adnuente
1510 2589 1599 2631 typis
1621 2599 1705 2621 non-

229 2640 308 2671 dum
330 2639 495 2677 mandavi,
517 2639 584 2671 alio
607 2641 759 2681 tempore
781 2641 815 2672 in
838 2642 947 2673 lucem
969 2642 1075 2674 edam.
