2118 3040
915 192 1184 231 -15-

750 298 986 350 parodos.
1015 311 1112 337 vss.
1135 298 1356 338 121—250.

416 385 476 413 VS.
489 372 577 413 121.
591 373 766 423 πάροδός
780 374 855 412 ἔστι
868 377 989 424 χοροῦ
1005 377 1199 423 γυναικῶν
1212 378 1257 424 τῇ
1267 373 1462 425 Ἠλέκτρα
1476 374 1790 425 συναχθομένων.

417 450 476 476 vs.
499 438 576 476 126
613 436 662 476 do
689 438 778 487 ἤθει
806 437 932 476 chori:
974 438 1084 475 λίαν
1113 437 1268 485 (‘nimis’
1288 437 1485 487 Donatus)
1514 439 1733 488 αι’ὅήμωνῑ)
1766 438 1790 475 ὅ

306 502 439 552 χορός,
477 503 521 544 ὅς
549 502 609 540 ἐπὶ
636 502 701 540 τὸν
729 502 916 550 Αἴγισθον
943 502 1068 551 τρέπει
1094 501 1163 551 τὴν
1191 502 1329 540 αἰτίαν·
1371 502 1437 540 καὶ
1465 506 1659 552 γυναικῶν
1687 502 1783 541 ἐστὶν

310 566 447 604 ἴδιον
477 565 716 616 (‘proprium’
735 565 835 603 Don.
855 564 977 603 Andr.
995 565 1085 603 346.
1103 565 1138 613 l)
1167 565 1210 603 τὸ
1228 566 1329 615 μηδὲ
1357 566 1417 603 ἐπὶ
1443 571 1522 608 τοῖς
1548 568 1787 616 προφανέσιν

309 631 578 679 ἁμαρτήμασιν
613 630 830 678 καταλέγειν
858 629 975 678 ἄλλης
1003 629 1184 678 γυναικός
1203 658 1327 667 .....
1356 630 1421 667 καὶ
1447 630 1490 667 τὸ
1519 631 1558 667 εἴ
1576 645 1645 679 μοι
1672 630 1786 679 θέμις

310 693 391 731 τάδ’
420 693 542 731 αὐδᾶν
569 693 652 731 λίαν
680 693 867 743 ἠθικὸν
897 691 1069 742 (morale)
1104 693 1169 731 καὶ
1197 693 1371 743 ἁρμόζον
1399 694 1658 743 (‘congruum'
1687 692 1788 732 Don.

309 756 430 797 Andr.
451 757 513 796 61.
530 757 566 805 2)
597 759 765 806 γυναιξίν
782 788 788 796 .
803 787 810 795 .
827 787 834 794 .
853 788 860 795 .

579 885 798 937 primum
827 885 1150 938 epeisodion.
1179 899 1278 926 vss.
1299 886 1524 926 251—471.

418 975 477 1000 vs.
498 961 587 1000 253.
634 984 686 989 —
718 962 760 1000 τὸ
798 962 844 1000 σὺ
881 964 966 1000 νίκα
1000 964 1102 1001 πάνυ
1137 964 1429 1012 ἀναγκαίως
1476 961 1790 1011 (‘nocessarium'

309 1026 410 1065 Don.
443 1025 517 1064 Ad.
550 1026 640 1065 685.
668 1027 705 1075 5)
735 1028 780 1064 ἵν’
810 1027 970 1076 ἀφορμὴ
1011 1028 1161 1077 γένηται
1197 1027 1355 1076 μακρὰν
1391 1028 1548 1065 ἐκτεῖναι
1585 1028 1693 1077 ῥῆσιν
1721 1027 1791 1076 τὴν

309 1090 529 1140 Ἠλέκτραν,
559 1091 599 1128 ἓν
626 1089 653 1140 ᾗ
680 1091 803 1129 πάντα
831 1091 875 1128 τὰ
904 1091 997 1129 καθ’
1027 1091 1165 1141 ἑαυτὴν
1191 1092 1469 1141 παραλήψεται.

380 1231 438 1257 vs.
459 1219 548 1257 328.
577 1231 716 1257 nova
743 1231 971 1270 persona
999 1218 1399 1270 Chrysothemis
1427 1217 1720 1268 inducitur,

790 1282 847 1322 de
878 1295 976 1334 qua
1004 1282 1322 1322 scholiasta:

420 1358 591 1407 ἐπίτηδες
617 1361 694 1400 τοῖς
722 1358 868 1407 ἀγρίοις
904 1359 1039 1407 ἤθεσιν
1067 1359 1434 1408 ἀντιπαρατάττουσι’
1460 1361 1577 1408 πρᾶα,
1611 1358 1793 1407 καθάπερ

312 1426 382 1460 νῦν
399 1427 445 1472 τῇ
463 1421 650 1471 Ἠλέκτρα
668 1422 924 1472 Χρυσόθεμιν
943 1424 1164 1466 συνέζευξεν
1178 1423 1243 1460 καὶ
1261 1427 1306 1472 τῇ
1321 1423 1512 1472 Ἀντιγόνῃ
1527 1422 1595 1472 τὴν
1603 1422 1793 1472 Ἰσμήνην,

313 1488 423 1524 ἕνεκα
451 1490 520 1525 τοῦ
550 1486 816 1525 διαποικίλλειν
842 1490 923 1529 ταῖς
951 1487 1186 1536 ἀντιρρήσεσι
1213 1486 1258 1524 τὰ
1288 1487 1474 1536 δράματα.

607 1615 867 1655 stasimon
895 1616 1117 1667 primum.
1146 1628 1227 1654 vss.
1247 1615 1472 1654 472—515.

421 1689 477 1729 Cf.
497 1689 618 1729 schol.
648 1703 706 1729 vs.
727 1691 824 1728 472:
853 1713 906 1718 --
934 1691 956 1728 ὁ
975 1691 1094 1741 χορὸς
1113 1692 1156 1728 ἐκ
1176 1695 1243 1728 τοῦ
1263 1691 1413 1740 ὀνείρου
1432 1690 1796 1740 προμαντευόμενος

312 1756 473 1805 θαρρεῖν
500 1759 680 1805 παραινεῖ
702 1755 771 1805 τὴν
798 1755 1018 1804 Ἠλέκτραν.

564 1882 846 1922 secundum
875 1882 1192 1935 epeisodion.
1221 1896 1301 1923 vss.
1321 1883 1545 1923 516—822.

423 1957 544 1998 schol.
564 1971 622 1997 vs.
642 1959 740 1998 516:
769 1959 1012 2009 πανταχόθεν
1041 1960 1083 1998 δὲ
1112 1959 1314 2009 διαφόροις
1342 1959 1564 2008 ἐξαλλαγαῖς
1596 1959 1662 1997 τὸν
1690 1960 1798 1997 ἔλεον

315 2024 522 2074 Ἠλέκτρας
551 2022 611 2072 (cf.
631 2022 751 2063 schol.
771 2023 863 2073 526)
893 2024 1095 2075 διαγράφει
1124 2024 1146 2063 ὁ
1173 2025 1343 2075 ποιητής.

396 2166 455 2193 vs.
476 2151 555 2192 660
583 2152 633 2191 in
662 2164 907 2192 scaenam
937 2151 1112 2204 prodit
1141 2152 1502 2205 paedagogus,
1533 2152 1592 2192 de
1621 2164 1717 2204 quo

896 2229 916 2255 s
927 2229 948 2256 o
957 2217 985 2255 h
996 2229 1019 2256 o
1029 2216 1043 2255 l
1054 2217 1068 2255 i
1078 2229 1104 2255 a
1113 2230 1133 2256 s
1146 2219 1162 2255 t
1172 2229 1198 2256 a
1209 2230 1216 2255 :

424 2293 446 2330 ὁ
473 2291 724 2342 παιδαγωγὸς
751 2293 834 2342 ἥκει
861 2293 1105 2343 πλασάμενος
1132 2291 1177 2330 τὰ
1204 2292 1290 2342 περὶ
1317 2295 1384 2330 τοῦ
1413 2292 1585 2331 θανάτου
1596 2291 1795 2342 Ὀρέστου.

315 2358 357 2395 τὸ
387 2358 429 2395 δὲ
455 2357 556 2406 ἦθος
583 2358 703 2395 αὐτοῦ
729 2358 850 2405 μέσον
869 2358 976 2400 ἐστίν,
1006 2359 1093 2395 οὔτε
1112 2358 1429 2406 ἀποικτιζομένου
1449 2357 1687 2394 παντάπασιν
1712 2358 1800 2394 οὔτε

317 2423 524 2472 ἡδομένου,
552 2422 632 2460 ἀλλ’
653 2422 710 2464 ὡς
729 2422 852 2466 ξένου.
881 2422 932 2460 εὖ
943 2437 967 2460 κ
979 2423 1028 2460 αί
1036 2437 1059 2471 ρ
1071 2437 1105 2460 ω
1117 2437 1136 2464 ς
1156 2422 1197 2460 δὲ
1216 2423 1300 2472 ἥκει
1319 2423 1396 2466 ἔξω
1412 2422 1541 2460 οὐσῶν
1555 2421 1800 2471 ἀμφοτέρων,

315 2490 472 2536 πρῶτον
500 2487 559 2524 ἴνα
587 2486 642 2536 μὴ
674 2486 914 2536 δισσολογοίη
944 2486 1043 2535 πρὸς
1072 2487 1295 2536 ἀμφοτέρας
1323 2485 1584 2535 ἀπαγγέλλων,
1619 2485 1798 2534 δεύτερον

428 2624 447 2666 ¹)
471 2624 623 2666 vestigia
645 2624 882 2667 Aristophanis
894 2624 965 2667 Byz
989 2625 1224 2666 deteguntura
1235 2624 1541 2666 Trendelenburgio
1560 2624 1614 2657 1.1.
1631 2634 1662 2665 p.
1673 2622 1717 2655 42
1728 2633 1800 2665 sqq.

2058 2502 2070 2520 ⁸-
2058 2245 2067 2254 ο

2107 2697 2109 2727 ᾼᾼ
2108 2656 2109 2677 ⁴„
2102 2509 2112 2626 k-—⁴
2107 2234 2115 2491 —-.——.—⁴.„
