2118 3040
398 302 462 342 IV.
485 307 518 342 1.
547 302 782 353 Pamphilus
801 305 844 342 et
864 303 1003 342 Davus
1024 303 1188 351 abeunt,
1210 315 1360 343 scaena
1379 315 1512 342 vacua
1531 305 1603 343 est.
1631 303 1773 354 Incipit

290 379 422 406 novus
465 368 581 406 actus
609 365 674 407 IV.
703 367 724 405 1
755 366 828 416 (III,
857 368 877 406 1
916 365 1147 417 Menandri).
1213 367 1390 407 Primum
1433 366 1641 417 Charinus,
1684 369 1773 407 tum

290 430 525 482 Pamphilus
545 433 586 469 et
604 431 745 470 Davus
764 431 973 483 prodeunt.
1008 432 1106 471 Cum
1126 444 1341 483 personam
1360 431 1521 471 Charini
1541 443 1567 470 a
1585 431 1772 471 Terentio

291 494 542 534 extrinsecus
580 507 669 535 esse
706 497 960 548 assumptam
997 497 1159 536 constet
1197 495 1259 545 (cf.
1279 508 1402 548 supra
1427 508 1464 548 p.
1484 495 1536 535 42
1552 499 1633 547 sq.),
1672 495 1773 535 haec

290 572 442 598 scaena
469 560 619 599 maiore
648 572 699 598 ex
726 561 841 611 parte
861 560 1107 600 Terentiana
1135 562 1215 611 estg
1243 561 1287 600 in
1315 572 1396 612 qua
1414 562 1570 612 partem
1590 559 1772 610 dialogi1)

291 622 535 672 Menandrei,
564 636 683 676 quem
712 624 865 664 habent
885 625 1028 664 Davus
1056 626 1098 664 et
1121 624 1368 677 Pamphilus,
1398 625 1441 664 in
1460 637 1539 664 vss.
1559 624 1772 664 665--683

289 687 418 727 latere
447 700 538 728 cum
567 688 743 728 Braunio
773 688 807 737 (l.
827 688 851 729 l.
879 702 915 741 p.
935 689 973 738 9)
1003 689 1236 729 censuerim.
1293 689 1396 738 Quid
1434 690 1573 728 autem
1608 688 1656 728 de
1685 690 1774 728 tota

290 765 441 792 scaena
468 752 713 792 Terentiana
740 752 962 793 scholiasta
995 754 1037 793 in
1075 753 1265 805 principio
1304 753 1459 792 scribit:
1498 753 1610 801 (Don.
1630 753 1719 792 625.
1738 754 1772 802 1)

288 818 439 868 eleqa‘ns
474 818 726 867 perturbatio,
768 819 814 858 in
850 831 928 867 qua
964 819 1069 858 inter
1105 832 1145 858 se
1182 819 1299 868 Simo,
1339 819 1490 867 Davus,
1533 818 1772 868 Pamphilus,

290 882 504 930 Charinus,
545 882 714 931 Byrria,
755 882 951 931 Chremes,
995 896 1124 921 omnes
1164 883 1338 922 omnibus
1375 883 1591 921 redduntur
1626 882 1773 932 offensi.

290 943 486 985 Videmus
504 945 626 996 igitur
645 944 907 986 scholiastam
920 945 1150 986 Romanum
1165 946 1363 986 rationem
1379 946 1575 987 Graecam
1590 947 1774 986 secutum

290 1009 421 1049 dicere
449 1009 546 1061 quid
574 1022 724 1049 scaena
753 1010 1021 1059 contineatur,
1057 1022 1131 1049 nec
1159 1012 1296 1050 tamen
1331 1010 1509 1051 officium
1539 1011 1774 1063 susceptum

289 1074 490 1114 sustinere
518 1087 648 1126 posse.
703 1074 748 1114 In
778 1087 927 1115 scaena
964 1075 1070 1114 enim
1099 1075 1345 1115 Terentiana
1377 1075 1549 1126 primum
1577 1074 1773 1114 Charinus

290 1137 512 1190 Pamphilo,
551 1140 640 1177 tum
678 1140 720 1177 et
748 1138 946 1178 Charinus
984 1141 1024 1178 et
1053 1138 1287 1190 Pamphilus
1316 1139 1445 1188 Davo,
1483 1138 1555 1178 sed
1591 1139 1634 1177 in
1661 1138 1774 1177 nulla

288 1214 441 1242 scaena
468 1202 715 1242 Terentiana
742 1206 816 1242 aut
842 1203 1090 1243 Menandrea
1123 1216 1195 1242 sex
1231 1203 1324 1242 illae
1353 1215 1548 1254 personae
1578 1206 1664 1251 (nec
1692 1215 1773 1241 non

289 1266 442 1318 Byrria)
471 1267 577 1306 inter
605 1279 648 1305 se
678 1266 863 1306 offensae
891 1266 1123 1307 redduntur.

398 1351 498 1392 Post
517 1351 721 1402 dialogum
740 1352 1029 1392 Menandreum
1050 1353 1124 1401 (III.
1148 1354 1182 1402 1,
1212 1357 1286 1392 aut
1305 1352 1557 1404 soliloquium
1576 1352 1774 1404 Pamphili

284 1416 354 1455 ¹111.
377 1417 397 1454 1
420 1418 462 1455 et
481 1415 684 1466 dialogum
703 1416 902 1467 Pamphili
920 1416 1105 1468 Davique
1125 1416 1188 1455 III.
1208 1417 1244 1465 2)
1264 1417 1307 1455 in
1326 1429 1476 1456 scaena
1493 1416 1554 1455 ΠΙ.
1574 1417 1599 1455 3
1619 1416 1776 1456 Graeca

289 1480 367 1528 (IV.
383 1481 408 1519 2
436 1480 694 1529 Terentiana)
715 1480 840 1532 Mysis
858 1480 1070 1520 inducitur.
1098 1481 1152 1520 In
1169 1481 1240 1521 hac
1257 1495 1396 1521 scaena
1416 1480 1549 1530 (schol.
1568 1479 1773 1520 ‘Graecus’

288 1545 378 1583 684.
401 1545 437 1592 1)
465 1546 702 1585 instauratio
730 1550 785 1585 est
812 1546 1091 1585 adhortationis
1119 1546 1317 1596 Pamphili
1338 1559 1412 1595 per
1438 1546 1652 1595 Mysidem;
1680 1558 1774 1594 opas

288 1613 343 1648 est
384 1610 488 1648 enim
530 1609 695 1649 excitari
740 1623 878 1649 rursus
920 1610 1212 1659 adulescentem,
1260 1623 1309 1649 ne
1348 1609 1416 1649 suh
1452 1610 1583 1660 patris
1623 1621 1774 1659 oppres-

287 1674 394 1712 sione
426 1674 647 1724 franyatar.
678 1672 746 1721 (Of.
767 1674 855 1712 684.
877 1674 926 1721 2).
974 1672 1076 1722 Ergo
1116 1673 1181 1711 hic
1209 1672 1430 1712 scholiasta
1466 1672 1565 1711 nihil
1598 1671 1775 1723 loquitur

292 1736 341 1775 de
370 1735 553 1786 Charino,
583 1749 756 1788 persona
783 1736 853 1775 illa
881 1737 1228 1786 Terentiana,
1267 1736 1367 1775 nihil
1401 1736 1450 1775 de
1484 1736 1642 1785 dialogo
1669 1736 1775 1775 inter

292 1799 508 1840 Charinum
558 1802 600 1840 et
640 1800 803 1840 Davum
845 1803 938 1849 (vss.
969 1800 1194 1849 708—715)
1242 1813 1268 1840 a
1313 1801 1344 1839 Τ
1356 1813 1477 1840 eren
1489 1801 1563 1839 tio
1610 1799 1774 1840 fabulae

291 1864 561 1903 Menandreae
600 1863 749 1913 addito,
789 1865 860 1903 sed
899 1877 1031 1916 quae
1072 1863 1239 1903 fuerit
1276 1877 1469 1904 scaena
1505 1863 1773 1903 Menandri

290 1941 313 1967 e
327 1941 354 1967 x
363 1927 439 1979 pli
451 1941 472 1968 c
483 1941 508 1967 a
520 1930 547 1968 t.

397 2016 453 2053 At
480 2027 585 2066 quae
616 2013 901 2054 adscribuntur
928 2013 1082 2053 scholia
1111 2013 1163 2053 ad
1185 2013 1453 2057 ¹Terentianas
1481 2026 1651 2054 scaenas
1681 2026 1773 2053 eas-

292 2077 465 2130 demque
494 2078 772 2128 Menandreae,
803 2092 854 2117 ea
880 2079 1034 2118 iustum
1067 2081 1267 2130 occupant
1293 2078 1444 2117 locum:

396 2153 461 2193 Ad
480 2154 566 2193 Ter.
587 2166 778 2194 scaenam
798 2154 862 2193 IV.
883 2154 908 2193 3
929 2152 1044 2201 (Men.
1065 2153 1128 2192 111.
1141 2154 1218 2202 4)²)
1247 2153 1346 2192 Don.
1364 2154 1451 2193 716.
1471 2154 1509 2193 1:
1528 2153 1619 2193 haec
1636 2166 1775 2193 scaena

398 2315 422 2355 ²)
445 2314 508 2347 Vel
531 2314 656 2346 rectius
671 2314 840 2356 soliloquii
863 2314 1029 2356 Pamphili
1051 2316 1087 2346 et
1109 2316 1182 2346 tum
1205 2314 1291 2346 Davi
1307 2313 1519 2355 Pamphilum
1534 2323 1603 2345 non
1619 2312 1774 2352 videntis,

288 2368 408 2399 deinde
438 2367 572 2408 dialogi.
625 2368 670 2399 Et
690 2367 724 2398 in
754 2367 957 2399 Terentiana
990 2377 1114 2399 scaena
1142 2367 1260 2399 Davus
1289 2367 1422 2399 demum
1452 2376 1502 2399 vs.
1518 2366 1582 2398 665
1614 2366 1774 2408 loquitur.

288 2421 338 2454 Cf.
354 2420 602 2453 Dziatzkonem
624 2420 646 2453 l.
661 2420 682 2454 l.
699 2431 729 2462 p.
745 2420 820 2453 246.
858 2420 924 2453 Sed
946 2421 1079 2454 Davum
1103 2420 1280 2462 Pamphilo
1304 2420 1481 2452 consilium
1504 2420 1545 2452 de
1568 2429 1671 2461 puero
1693 2421 1775 2451 ante

288 2474 382 2506 fores
403 2474 560 2516 ponendo
584 2474 709 2507 dixisse
731 2484 801 2506 non
823 2476 918 2515 puto.

396 2527 418 2567 ¹)
442 2527 494 2559 De
523 2527 610 2559 Don.
633 2527 732 2559 Andr.
758 2526 831 2559 726.
852 2527 866 2558 1
891 2528 926 2558 et
947 2527 968 2559 2
992 2542 1031 2553 =
1056 2526 1118 2568 frg.
1143 2526 1228 2559 Men.
1255 2526 1297 2558 45
1309 2526 1350 2559 Κ.
1379 2526 1420 2558 cf.
1446 2525 1691 2558 Dziatzkonem
1714 2525 1734 2558 l.
1752 2525 1773 2558 l.

289 2591 319 2622 p.
336 2579 401 2613 239
424 2580 500 2612 adn.
521 2580 549 2612 1.
