2118 3040
311 284 501 332 tractum,
531 281 691 322 duabus
719 283 907 322 manibus
936 286 1181 335 excerptum,
1219 285 1306 323 tum
1346 285 1667 335 conglutinatum
1704 297 1794 325 esse

312 347 484 395 constet,
513 345 615 385 talia
634 346 760 386 verba
784 348 995 388 secandum
1021 349 1113 390 alud
1140 348 1354 389 Menandri
1380 360 1463 388 non
1490 349 1551 389 ita
1577 347 1795 401 premenda

312 413 420 461 sunt,
452 412 500 450 ut
516 409 612 450 inde
630 410 780 463 Diphili
809 424 899 451 esse
919 425 1110 452 scaenam
1131 412 1310 463 colligas3
1337 413 1458 453 immo
1478 412 1794 465 disputationem

310 474 468 513 lenonis
497 474 762 513 Menandrum
796 475 947 526 spirare
975 476 1215 526 putaverim,
1245 489 1336 515 cum
1362 476 1548 515 Donatus
1575 477 1641 516 vel
1668 477 1794 516 verba

311 536 472 590 afferat,
503 537 791 579 secundum
830 552 964 592 quae
992 539 1206 581 Terentius
1231 539 1374 603 ‘locum
1406 553 1526 581 suum
1561 541 1794 582 instituerit.

418 614 528 652 Leno
557 616 707 664 autem,
745 615 814 666 qui
842 617 939 654 ante
978 615 1086 654 fores
1125 615 1174 654 de
1206 628 1284 655 sua
1319 617 1427 655 sorte
1456 618 1498 655 et
1531 615 1580 655 de
1618 620 1792 668 quaestu

310 677 540 730 occipiendo
569 680 720 719 ‘secum
748 679 947 719 rationem
976 679 1171 732 deputat',
1199 680 1400 721 Aeschino
1429 679 1679 721 adulescenti
1706 694 1793 721 mo-

308 742 437 781 lestus
465 742 529 790 fit,
559 743 686 794 Syrus
713 743 836 792 igitur
864 756 1005 783 servus
1035 744 1122 782 eius
1150 744 1193 782 in
1221 756 1371 783 scaena
1397 745 1443 783 H.
1459 745 1522 794 2²)
1551 744 1791 784 mandatum

309 806 445 857 habet,
476 808 524 846 ut
541 807 688 846 iterum
707 808 805 857 agat
823 806 871 847 de
891 808 1031 860 pretio,
1053 809 1096 848 et
1115 808 1227 857 (Don.
1246 807 1321 848 Ad.
1341 808 1429 848 209.
1448 809 1482 859 1)
1501 810 1546 850 in
1564 809 1636 849 hac
1652 822 1792 850 scaena

309 876 418 912 actus
432 876 486 911 est
501 875 714 922 exemplum
729 873 929 912 continens
943 874 1045 912 vitae
1059 885 1271 912 avarorum
1282 875 1320 923 ⁹),
1340 875 1408 923 qui
1420 887 1531 924 saepe
1541 875 1586 912 in
1605 876 1792 913 damnum

307 937 432 987 ipsius
461 936 656 976 avaritiae
682 937 903 977 rationibus
935 941 1081 988 ruunt,·
1116 938 1232 978 simul
1268 939 1385 978 etiam
1420 939 1587 978 duorum
1622 939 1726 978 inter
1753 952 1793 978 se

307 1014 476 1051 nequam
502 1002 705 1041 hominum
722 1003 932 1052 spectanda
960 1003 1146 1051 quaedam
1174 1002 1342 1042 vicissim
1360 1007 1396 1042 et
1422 1004 1549 1044 dolosa
1577 1004 1699 1053 captio
1727 1007 1791 1043 est.

309 1066 355 1105 cf.
384 1064 505 1105 schol.
530 1064 697 1105 ‘Graec'
735 1065 856 1105 Andr.
882 1066 972 1106 432.
997 1067 1042 1115 1).
1106 1065 1159 1106 Et
1193 1066 1283 1105 aliis
1320 1066 1417 1106 locis
1454 1066 1575 1106 huius
1618 1079 1791 1107 scaenae

307 1129 507 1168 habemus
536 1129 798 1169 scholiastam
825 1129 938 1168 illum
969 1129 1210 1169 ‘Graecum't
1244 1130 1344 1169 Don.
1364 1130 1437 1169 Ad.
1457 1131 1546 1169 210.
1566 1131 1603 1179 3,
1634 1130 1682 1169 de
1711 1143 1790 1182 quo

308 1206 432 1245 supra
458 1206 494 1245 p.
515 1194 566 1232 24
596 1193 904 1245 disputavimus,
935 1195 979 1233 et
1006 1193 1105 1233 Don.
1126 1193 1199 1233 Ad.
1220 1194 1308 1233 211.
1325 1194 1365 1233 2:

416 1260 617 1307 οἰκονομία
626 1272 639 1297 .·
679 1258 885 1306 honorifice
926 1259 1098 1298 lenonem
1137 1263 1287 1308 tractat,
1329 1263 1374 1298 ut
1412 1263 1447 1298 et
1478 1260 1679 1309 placidum
1717 1259 1790 1298 sibi

307 1322 443 1363 reddat
461 1326 496 1363 et
523 1326 568 1363 ut
594 1323 718 1374 faciat
745 1336 833 1364 eum
852 1324 903 1364 ad
931 1324 1249 1364 contemnendam
1269 1323 1481 1374 pecuniam
1499 1323 1691 1364 liberalem
1709 1355 1717 1363 .
1738 1356 1745 1363 .
1767 1355 1789 1374 .‚

308 1387 380 1426 sed
409 1399 459 1425 ex
492 1385 663 1425 adverso
692 1386 913 1426 scholiasta
939 1386 1149 1426 Romanus
1175 1387 1264 1426 220.
1280 1387 1304 1426 3
1333 1387 1484 1426 iudicat
1506 1420 1514 1427 .
1534 1419 1542 1426 .
1563 1417 1571 1425 .
1598 1388 1790 1427 hominem

307 1453 358 1491 ad
385 1453 532 1492 lucrwm
560 1452 746 1502 eoecitans,
776 1464 857 1491 non
884 1451 1129 1491 honestatem.

416 1526 520 1564 Tum
554 1525 715 1564 demum
743 1525 787 1564 II.
807 1526 832 1564 3
872 1525 1073 1576 Ctesipho,
1112 1538 1182 1576 pro
1222 1538 1300 1576 quo
1337 1526 1524 1564 meretrix
1564 1528 1627 1564 est
1658 1528 1788 1576 rapta,

306 1588 448 1641 prodit.
494 1588 557 1628 Ad
577 1591 768 1628 scaenam
787 1589 1073 1628 Menandream
1095 1588 1327 1638 scholiasta,
1358 1601 1474 1641 quem
1506 1587 1666 1641 quidem
1694 1588 1787 1628 rhe-

306 1654 476 1692 toricum
509 1654 693 1692 nomines
727 1653 837 1700 (Don.
866 1653 940 1692 Ad.
971 1654 1059 1692 254.
1075 1654 1127 1702 1),
1166 1653 1292 1692 verba
1320 1653 1434 1700 facit,
1473 1652 1544 1691 sed
1580 1653 1676 1691 item
1716 1666 1787 1692 ae-

307 1716 504 1756 stheticus
542 1718 681 1756 noster
720 1716 850 1756 adest:
887 1719 1114 1767 παρασκευή
1155 1716 1266 1765 (Don.
1292 1715 1364 1755 Ad.
1391 1717 1479 1756 263.
1500 1717 1538 1766 4)
1574 1739 1623 1745 -
1653 1717 1788 1768 Atque

295 1862 375 1889 'non
397 1857 570 1889 Menandri
599 1857 742 1899 putavit,
771 1857 811 1888 de
842 1867 909 1899 qua
938 1866 974 1888 re
1005 1866 1081 1888 cum
1111 1856 1226 1888 multis
1247 1855 1323 1888 aliis
1350 1856 1428 1888 viris
1457 1856 1566 1888 doctis
1588 1855 1721 1895 erravit,
1745 1856 1787 1888 cf.

305 1911 506 1944 Grauertum
528 1911 549 1944 l.
565 1910 586 1943 l.
612 1910 674 1943 129
685 1921 756 1952 sqq.
781 1911 910 1952 (contra
932 1920 1032 1952 quem
1053 1912 1144 1943 recte
1166 1910 1196 1942 J.
1213 1909 1338 1942 Klasen
1361 1910 1382 1942 l.
1398 1909 1418 1942 l.
1442 1920 1473 1951 p.
1489 1909 1577 1951 qu.)
1601 1911 1636 1942 et
1650 1909 1787 1942 Teuffe-

305 1964 387 1996 lium
409 1964 429 1997 l.
446 1964 466 1996 1.
492 1974 523 2005 p.
539 1964 604 1996 357
616 1973 665 2005 sq.
688 1978 731 1989 =
753 1973 835 1996 mus.
859 1963 967 1995 Rhen.
984 1963 1060 1995 VIII
1083 1963 1189 2004 (1843)
1212 1973 1243 2004 p.
1258 1962 1368 2004 45146.
1413 1962 1572 1994 Teuffelii
1599 1963 1787 1994 sententiae

303 2017 459 2050 adridens
474 2017 522 2049 Fl.
538 2016 688 2056 Nencini,
714 2027 918 2059 quamquam
934 2015 1027 2049 ‘illud
1042 2016 1270 2058 fragmentum
1292 2014 1553 2049 incommodum’
1568 2025 1590 2047 a
1603 2015 1786 2048 Menandro

304 2071 494 2103 abiudicare
510 2081 579 2103 non
594 2071 707 2110 audet,
723 2072 837 2103 tamen
852 2070 886 2102 id
900 2069 1010 2102 ‘facile
1022 2069 1186 2103 removet’
1201 2070 1250 2102 ita
1265 2080 1379 2102 secum
1394 2070 1555 2111 reputans
1571 2068 1636 2110 (1.1.
1652 2079 1682 2110 p.
1698 2068 1785 2108 lm:

302 2123 384 2156 ‘non
406 2124 593 2156 mirandum
615 2133 690 2156 esse
713 2124 741 2156 si
764 2133 830 2166 qua
851 2123 885 2156 in
905 2123 1107 2156 Menandrea
1128 2123 1290 2165 raptionis
1312 2123 1504 2155 narratione
1527 2132 1602 2154 cum
1623 2121 1787 2164 Diphileis

304 2177 558 2211 consenserunt’
567 2178 574 2210 1

414 2232 436 2273 ¹)
458 2232 511 2264 Ad
544 2231 810 2264 confirmandam
843 2232 1046 2264 sententiam
1076 2231 1117 2264 de
1151 2241 1273 2264 scaena
1295 2231 1333 2263 11.
1351 2231 1372 2262 2
1399 2230 1556 2272 Diphilea
1583 2229 1665 2262 nihil
1694 2230 1787 2262 valet

304 2285 429 2328 Diphili
443 2285 671 2327 fragmentum
693 2295 725 2327 p.
743 2284 807 2317 120
827 2295 848 2318 a
869 2284 1031 2317 Nencinio
1047 2294 1123 2317 cum
1137 2294 1237 2317 versu
1252 2283 1317 2316 216
1331 2283 1501 2317 collatum.
1538 2283 1665 2316 Vereor
1686 2283 1784 2321 enim.

303 2349 346 2371 ne
369 2339 414 2372 sit
435 2339 648 2382 proverbium
664 2338 797 2381 saepius
820 2338 983 2371 usitatum
1000 2337 1212 2378 (’ἀντινομιάν’
1236 2337 1324 2370 enim
1346 2337 1482 2380 appelat
1504 2336 1688 2370 scholiasta
1708 2335 1785 2377 ‘ego

303 2403 397 2435 spem
426 2393 535 2435 pretio
566 2402 635 2425 non
665 2391 752 2424 emo'
779 2392 842 2424 Ad.
864 2392 938 2425 219.
950 2391 991 2433 2),
1020 2394 1194 2434 praeterea
1224 2392 1265 2423 de
1295 2390 1510 2423 similitudine
1539 2390 1720 2431 fragmenti
1748 2391 1785 2421 et

303 2456 421 2479 versus
448 2446 641 2479 Terentiani
669 2446 890 2479 dubitaverim
921 2445 964 2478 cf.
988 2445 1158 2478 Kauerum
1181 2444 1423 2486 (Dziatzko-K.)
1454 2444 1512 2477 1.1.
1544 2454 1576 2486 p.
1594 2443 1635 2476 14
1660 2443 1737 2476 adn.
1755 2442 1783 2476 1.

412 2500 434 2541 ²)
457 2501 502 2532 Et
531 2500 732 2532 scholiastas
761 2500 908 2532 Graecos
937 2501 972 2531 et
999 2499 1218 2531 scholiastam
1248 2498 1439 2531 scaenicum
1461 2497 1597 2529 Terenti
1626 2506 1728 2538 saepe
1749 2496 1784 2528 in

304 2554 496 2586 universum
519 2554 560 2586 de
582 2553 734 2596 personis
757 2552 949 2586 dramaticis
972 2563 1031 2595 per
1052 2553 1214 2595 pluralem
1237 2553 1339 2585 verba
1363 2551 1474 2584 facere
1497 2551 1597 2583 docet
1619 2550 1659 2583 H.
1675 2549 1784 2582 Stein-

304 2617 404 2640 mann
427 2608 448 2640 l.
464 2608 485 2640 l.
501 2607 552 2646 80,
565 2607 618 2640 81.
