2118 3040
286 265 387 314 λέγει
413 265 514 315 πρὸς
540 265 607 304 τὸν
634 266 755 316 χορὸν
781 266 870 309 τοὺς
908 267 980 305 δύο
1016 267 1177 317 στίχους,
1213 267 1278 305 καὶ
1311 267 1436 309 οὕτως
1461 266 1675 316 εἰσέρχεται,
1708 265 1772 303 καὶ

295 330 371 367 ἔστι
411 330 626 380 διάλειμμα,
666 331 764 369 ὥστε
802 331 1035 375 ἐξελθοῦσαν
1071 330 1190 380 αὐτὴν
1218 331 1406 380 ἄρχεσθαι
1431 334 1499 368 τοῦ
1526 329 1576 369 εὦ
1604 330 1773 380 φίλταται

294 395 496 442 γυναῖκες’.
532 395 814 444 παρατήρει
852 394 894 432 δὲ
931 393 1062 441 (‘vide'
1090 393 1276 432 Donatus
1287 394 1307 443 l)
1345 395 1401 433 ὅτι
1433 394 1494 432 ἐπὶ
1528 394 1601 444 μὲν
1632 398 1678 444 τῇ
1705 397 1772 432 τοῦ

288 458 454 506 ἀγγέλου
491 459 684 508 παρουσίᾳ
718 461 1097 507 προοικονομεῖ
1126 457 1149 495 ὁ
1184 457 1345 507 ποιητὴς
1372 458 1449 502 ἔξω
1478 457 1678 508 διατρίβειν
1705 457 1773 507 τὴν

291 521 612 573 Κλυταιμήστραν
633 523 680 561 δι’
700 524 747 565 ἃς
773 523 1010 572 προείπομεν
1036 522 1155 565 αἰτίας
1170 554 1178 561 .
1194 552 1201 560 .
1218 552 1226 560 .
1241 552 1250 560 .
1263 523 1317 564 εἰς
1343 521 1386 560 τὸ
1415 522 1558 561 ἀνελεῖν
1584 522 1653 572 τὴν
1672 521 1772 560 Κλυ-

295 587 540 638 ταιμήστραν,
570 588 667 637 ἅπερ
687 588 727 625 ἐν
754 590 811 636 τῷ
839 587 1002 637 ἐμφανεῖ
1028 587 1050 625 ὁ
1068 587 1227 637 ποιητὴς
1245 587 1318 626 οὔκ
1337 587 1544 637 εἰσήγαγεν.
1579 585 1635 626 Cf.
1650 585 1771 626 schol.

291 663 351 689 vs.
374 651 476 690 1495
506 650 647 699 (Schol.
667 649 758 689 Eur.
776 649 871 690 Hec.
891 651 994 699 484).
1655 651 1657 653 ’

508 768 824 819 epeisodion
853 768 1102 819 quintum.
1141 768 1536 807 vss.1398—1441.

394 841 514 882 schol.
534 855 593 882 vs.
616 843 729 882 1398.
772 844 1002 893 ἕξερχομένη
1032 844 1148 882 ταῦτά
1175 858 1301 894 φησιν.

396 906 519 946 schol.
539 919 598 946 VS.
622 907 735 946 1404.
777 908 871 950 ἔθος
889 909 1018 957 ἔχουσι
1036 907 1081 945 τὰ
1101 908 1280 957 γεγονότα
1301 908 1414 946 ἔνδον
1432 908 1677 957 ἀπαγγέλλειν
1694 911 1771 950 τοῖς

289 972 369 1016 ἔξω
398 972 436 1010 οἷ
462 972 623 1021 ἄγγελοι,
660 975 730 1011 νῦν
770 972 813 1011 δὲ
851 972 913 1011 διὰ
946 972 988 1022 τὸ
1015 972 1071 1022 μὴ
1101 972 1303 1022 διατρίβειν
1331 973 1372 1011 ἐν
1408 976 1464 1021 τῷ
1498 972 1660 1022 δράματι
1697 973 1769 1011 οὐκ

284 1036 475 1086 ἐποίησεν·
504 1037 628 1085 τούτῳ
645 1036 719 1085 γὰρ
746 1038 1001 1086 προκείμενον
1028 1036 1071 1074 τὸ
1099 1036 1196 1074 κατὰ
1223 1036 1291 1086 τὴν
1305 1036 1515 1086 Ἠλέκτραν
1539 1036 1613 1074 ἐστὶ
1630 1036 1769 1078 πάθος.

285 1103 356 1138 νῦν
397 1101 524 1139 τοίνυν
565 1101 724 1151 βοώσης
765 1101 806 1139 ἐν
846 1105 892 1151 τῇ
930 1101 1118 1150 ἀναιρέσει
1149 1105 1216 1151 τῆς
1243 1100 1559 1151 Κλυταιμήστρας
1586 1101 1718 1139 ἀκούει
1746 1102 1769 1139 ὁ

286 1164 444 1215 θεατὴς,
473 1165 538 1203 καὶ
567 1166 828 1214 ἐνεργέστερον
856 1165 899 1204 τὸ
926 1169 1086 1215 πρᾶγμα
1107 1166 1243 1214 γίνεται
1271 1167 1295 1215 ἢ
1325 1166 1373 1203 δι’
1393 1166 1555 1215 ἀγγέλου
1584 1166 1767 1215 σημαινό-

286 1243 419 1278 μενον.
448 1230 514 1267 καὶ
532 1229 575 1267 τὸ
602 1229 674 1278 μὲν
702 1230 888 1279 φορτικὸν
914 1234 980 1279 τῆς
1008 1231 1142 1279 ὄψεως
1169 1230 1311 1278 ἄπεστι,
1338 1229 1382 1268 τὸ
1411 1230 1452 1268 δὲ
1480 1230 1636 1278 ἐναργὲς
1655 1229 1768 1267 οὐδὲν

288 1292 410 1342 ἧσσον
437 1293 503 1331 καὶ
531 1293 592 1332 διὰ
620 1297 688 1344 τῆς
713 1294 810 1344 βοῆς
839 1294 1183 1343 ἐπραγματεύσατο.

710 1367 914 1407 exodos.
944 1380 1043 1406 vss.
1074 1368 1349 1407 1442—1510.

391 1496 505 1536 Sicut
532 1497 671 1536 autem
697 1496 740 1535 in
763 1496 949 1536 ‘scaenis'
979 1495 1223 1548 Sophocleis,
1261 1496 1322 1536 ita
1349 1495 1391 1535 in
1419 1495 1641 1547 Euripideis
1669 1509 1767 1547 quo-

286 1572 365 1612 que
403 1559 624 1600 scholiasta
660 1559 910 1601 aestheticus
950 1560 1212 1610 cognoscitur,
1250 1559 1323 1601 sed
1358 1572 1410 1600 ne
1445 1559 1644 1612 longiores
1678 1573 1766 1601 0880

279 1624 502 1673 videamur,
531 1625 609 1663 hoc
635 1625 841 1663 monuisse
869 1627 937 1663 sat
964 1625 1019 1663 sit
1045 1637 1177 1675 neque
1205 1624 1359 1663 scholia
1386 1624 1698 1672 exscribamus&

389 1689 477 1729 Iam
507 1688 616 1728 enim
644 1700 666 1728 0
693 1688 833 1741 paucis
870 1688 934 1728 his
962 1687 1135 1738 scholiis,
1174 1688 1243 1741 qui
1270 1689 1324 1728 sit
1351 1687 1572 1729 scholiasta
1599 1689 1765 1729 0081110-

279 1752 386 1791 ticus
405 1752 694 1803 scaenicusque
722 1754 766 1791 et
784 1765 863 1803 quo
883 1752 1000 1792 modo
1019 1752 1121 1792 haec
1138 1752 1242 1792 ratio
1262 1752 1503 1792 scholiorum
1522 1751 1765 1792 Graecorum

283 1828 475 1869 expressa
502 1815 690 1857 videatur
717 1829 807 1857 esse
829 1816 872 1856 in
901 1818 1128 1858 commento
1155 1816 1384 1858 fabularum
1414 1816 1577 1858 Terenti
1594 1816 1765 1857 Menan-

391 1934 412 1975 ι)
436 1933 487 1966 De
519 1944 587 1977 qua
618 1944 653 1966 re
687 1934 714 1966 si
748 1934 824 1977 quis
857 1934 999 1974 dubitat,
1030 1934 1185 1967 conferat
1218 1945 1343 1977 quaeso
1371 1934 1536 1967 adnotata
1565 1934 1607 1967 de
1628 1934 1766 1967 Medeae

286 1987 424 2019 fabulae
447 1988 578 2019 scaenis
599 1988 808 2019 ineuntibus:
833 1998 854 2029 p
867 1997 883 2018 1·
895 1998 915 2019 o
928 1988 939 2018 l
952 1998 1005 2029 og
1017 1998 1037 2019 o
1050 1998 1066 2019 s
1089 1988 1166 2028 (vss.
1185 1988 1322 2028 1—130)
1344 1989 1386 2021 cf.
1409 1988 1514 2020 schol.
1533 1988 1561 2026 1,
1585 1988 1627 2019 de
1648 1988 1767 2019 Medea

284 2040 328 2073 cf.
355 2040 462 2073 schol.
485 2049 552 2073 vss.
568 2040 620 2073 96.
636 2040 689 2073 97.
723 2057 765 2064 —
800 2040 948 2083 parodos
969 2041 1047 2082 (vss.
1066 2039 1245 2082 131-213)
1267 2040 1372 2075 schol.
1390 2040 1460 2074 131.
1495 2058 1533 2064 -
1570 2040 1766 2083 epeisodion

281 2094 425 2136 primum
459 2093 651 2135 (214—445)
686 2094 790 2127 schol.
806 2094 887 2133 2145
921 2094 1085 2127 stasimon
1108 2095 1251 2136 primum
1280 2094 1472 2136 (410—445)
1494 2095 1599 2140 schol.
1614 2094 1690 2126 410.
1723 2112 1764 2117 —

280 2147 479 2188 epeisodion
500 2147 685 2179 secundum
718 2146 927 2188 (446-662);
961 2147 1126 2180 stasimon
1147 2147 1332 2180 secundum
1353 2147 1546 2188 (627—662)
1568 2146 1675 2180 schol.
1690 2146 1764 2180 627.

277 2218 319 2223 —
355 2199 552 2243 011018οά100
575 2200 713 2233 tertium
734 2199 927 2242 (663—865)
951 2199 1133 2242 (764—810
1154 2200 1273 2234 Medea
1294 2201 1336 2234 cf.
1352 2200 1457 2234 schol.
1471 2200 1567 2243 764„
1600 2201 1765 2234 stasimon

285 2254 424 2286 tertium
447 2254 640 2294 (824-865)
663 2253 769 2286 schol.
784 2253 858 2287 824.
882 2272 923 2277 —
946 2254 1143 2296 epeisodion
1166 2257 1323 2296 quartum
1345 2254 1557 2296 (866—1001)
1579 2254 1685 2288 schol.
1700 2253 1765 2286 866

278 2307 366 2349 (903.
381 2306 475 2350 922);
497 2307 664 2341 stasimon
687 2309 845 2350 quartum
867 2307 1081 2350 (wc—1001)
1104 2307 1210 2342 schol.
1224 2307 1299 2342 9¹76.
1329 2327 1370 2332 —
1394 2308 1587 2351 epeisodion
1611 2308 1765 2351 quintum

278 2360 516 2402 (1002—1115)
539 2360 646 2394 schol.
665 2361 748 2394 1002
770 2364 806 2393 et
823 2361 906 2393 1009
927 2361 979 2402 (de
994 2362 1175 2404 soliloquio
1190 2362 1329 2394 Medeae
1343 2362 1448 2395 schol.
1466 2361 1576 2402 1021);
1600 2361 1764 2393 stasimon

279 2414 435 2456 quintum
463 2413 698 2455 (leel—1115)
727 2413 832 2446 schol.
851 2413 943 2448 1081.
977 2432 1019 2438 —-·
1053 2414 1249 2457 epeisodion
1280 2416 1414 2448 sextum
1447 2413 1692 2456 (mc—1292),
1729 2413 1764 2446 in

282 2467 444 2509 principio
467 2467 577 2500 nuntii
599 2467 704 2500 schol.
722 2467 823 2507 1136;
855 2468 1019 2500 stasimon
1052 2469 1186 2500 sextum
1214 2467 1448 2509 (1251—1292)
1472 2467 1577 2500 schol.
1596 2467 1689 2500 1251.
1721 2486 1763 2491 —

277 2520 407 2552 exodos
431 2519 655 2559 1283-1419,
679 2520 721 2553 01.
744 2520 849 2553 801101.
867 2520 960 2553 1320.
1004 2521 1119 2563 Atque
1151 2520 1186 2552 in
1218 2521 1292 2552 aliis
1314 2520 1480 2561 Euripidis
1501 2519 1624 2552 fabulis
1646 2520 1764 2552 eadem

290 2573 376 2606 ratio
399 2572 658 2606 scholiastarum
681 2573 722 2606 de
744 2573 914 2616 principiis
931 2572 1154 2607 ‘scaenarum’
1174 2573 1325 2606 adhibita
1348 2573 1520 2606 observari
1542 2574 1666 2615 potest.
