2118 3040
940 189 1209 229 —62—

329 296 508 348 pertinet
545 295 594 335 ad
634 308 825 336 scaenam
867 309 992 336 unam
1028 296 1331 346 Menandream,
1375 295 1484 348 apud
1515 296 1746 336 Terentium
1773 296 1816 336 in

329 359 433 400 duas
462 360 652 400 divisam:
680 360 727 400 V.
745 362 766 399 1
784 361 835 411 -{—
851 361 886 400 2.

437 424 485 463 V.
500 424 525 464 3
555 423 676 464 schol.
698 425 785 464 787.
808 426 829 463 1
844 426 870 474 l)
901 424 960 474 (cf.
982 425 1108 464 789.1
1139 426 1342 475 ἀναλογία).

437 488 484 529 V.
500 490 526 527 4
555 488 675 528 schol.
695 489 784 528 855.
807 490 870 538 15)

436 554 483 593 V.
499 553 524 592 5
554 552 674 592 schol.
694 553 784 592 882.
806 554 827 591 1
857 553 1032 604 pertinet
1060 552 1113 592 ad
1140 552 1187 593 V.
1203 554 1228 593 5
1246 555 1295 603 -Ι-
1311 554 1347 592 6.

436 616 484 656 V.
500 618 525 656 6
554 616 670 656 deest
696 617 818 666 igitur
845 617 966 656 schol.
987 617 1206 656 scaenicus.

436 680 483 722 V.
500 682 523 720 7
553 680 674 721 schol.
694 681 784 720 899.
805 682 839 720 1.

435 744 499 784 Ad
519 746 766 797 postremam
786 757 976 784 scaenam
1000 745 1048 784 V.
1064 746 1088 784 8
1118 747 1172 795 (et
1201 746 1237 796 9,
1269 758 1364 784 nam
1391 745 1433 784 in
1463 744 1574 786 codd.
1593 757 1703 785 nova
1729 757 1812 785 non

326 809 492 862 incipit),
523 822 593 848 cur
620 809 839 849 scholiasta
858 809 1068 849 scaenicus
1088 821 1170 849 non
1188 809 1398 859 legeretur,
1427 809 1509 849 iam
1528 821 1651 861 supra
1679 811 1727 862 (p.
1745 809 1811 859 52)

328 873 645 926 disceptavimus
683 886 814 926 neque
853 873 902 913 de
943 874 1021 913 hac
1058 887 1207 914 scaena
1242 873 1327 913 ulla
1368 874 1494 913 verba
1520 874 1637 913 nobis
1675 876 1814 913 essent

326 938 526 988 facienda,
556 938 634 977 nisi
663 951 769 978 unus
797 937 909 978 locus
939 938 1215 979 commentarii
1233 938 1452 978 Donatiani
1471 939 1668 978 maximas
1695 951 1811 990 prae·
1870 940 1872 942 ’

327 1003 443 1043 beret
462 1002 743 1043 difficultates:
772 1003 872 1042 Don.
892 1004 982 1044 938.
1004 1005 1024 1042 1
1055 1005 1162 1055 apud
1178 1005 1448 1044 Menandrum
1466 1017 1582 1044 senex
1600 1005 1646 1044 de
1663 1005 1812 1054 nuptiis

326 1082 407 1108 non
431 1072 634 1118 yravatur,
663 1082 751 1119 erqo
783 1068 983 1108 Terentius
1010 1069 1221 1117 εὖρετικῶς.

435 1131 629 1184 Equidem
642 1144 733 1171 cum
743 1132 773 1171 L
782 1145 803 1171 e
810 1145 830 1171 s
837 1132 910 1171 sin
917 1133 991 1182 gio
1003 1133 1193 1180 (Dramat.
1200 1134 1276 1171 act.
1286 1131 1429 1171 Hamb.
1437 1144 1521 1183 cap.
1529 1132 1592 1181 97)
1604 1131 1773 1183 aliisque
1782 1133 1810 1180 ⁸)

328 1209 472 1236 censeo
492 1195 725 1235 Terentium
744 1195 907 1236 fabulae
926 1195 1195 1236 Menandreae
1224 1195 1436 1236 Micionem
1463 1209 1546 1236 non
1566 1194 1683 1235 modo
1703 1208 1809 1248 nup-

325 1261 394 1300 tiis
422 1260 774 1309 resistentem4)
812 1263 1016 1311 εὖρετικῶς
1045 1260 1269 1310 affinxisse,
1307 1261 1379 1299 sed
1413 1260 1537 1299 etiam
1565 1259 1628 1298 ‘de
1657 1260 1810 1312 nuptiis

437 1389 458 1430 ¹)
483 1389 566 1421 Cum
588 1399 638 1421 vs.
654 1388 719 1421 804
742 1389 784 1422 cf.
801 1390 887 1421 Men.
903 1389 966 1430 frg.
979 1389 1000 1421 9
1015 1389 1056 1422 K.

435 1444 458 1485 ¹)
482 1443 553 1475 Iam
581 1443 680 1485 'quod
714 1442 934 1476 scholiastam
963 1443 1153 1476 scaenicum
1183 1442 1226 1475 ad
1255 1443 1470 1485 insequentes
1492 1452 1633 1475 scaenas
1654 1442 1807 1485 legimus,

327 1498 411 1530 satis
449 1499 502 1529 est
532 1496 575 1529 ad
608 1497 825 1529 refellendam
860 1497 1054 1539 opinionem
1087 1496 1239 1533 Fielitzii,
1271 1497 1328 1538 qui
1351 1496 1380 1537 (l.
1393 1497 1413 1529 1.
1430 1506 1461 1538 p.
1474 1496 1548 1537 677)
1583 1506 1721 1529 scaenas
1736 1497 1808 1528 v.4

325 1561 434 1592 usque
456 1551 500 1582 ad
522 1551 627 1582 finem
649 1550 784 1582 fabulae
806 1551 895 1591 apud
910 1550 1129 1582 Menandrum
1145 1550 1292 1582 defuisse
1307 1551 1431 1582 censet.
1466 1549 1517 1581 De
1532 1548 1597 1581 hac
1611 1549 1810 1592 quaestione

325 1604 569 1637 disseruerunt:
596 1603 626 1637 J.
636 1603 761 1645 Klasen
788 1604 808 1637 l.
822 1604 842 1637 l.
860 1614 890 1646 p.
907 1604 1027 1646 l7sqq.
1054 1605 1166 1646 (quem
1187 1613 1257 1636 non
1278 1603 1312 1634 in
1334 1603 1488 1635 omnibus
1504 1603 1603 1635 rebus
1618 1603 1807 1645 sequimur),

325 1658 373 1691 Fl.
390 1657 530 1689 Nencim’
551 1658 572 1690 1.
586 1657 606 1688 l.
630 1668 661 1699 p.
684 1657 745 1688 142
754 1666 836 1698 sqq„
871 1657 923 1689 Fr.
940 1657 1070 1698 Kampe
1093 1657 1113 1688 l.
1126 1657 1147 1688 1.
1169 1667 1201 1698 p.
1216 1656 1265 1688 12.
1289 1674 1330 1679 —
1352 1656 1591 1697 Fragmentum
1613 1656 1699 1688 Men.
1715 1655 1756 1687 10
1766 1655 1808 1688 K.

324 1710 508 1753 respondet
530 1710 642 1743 versui
665 1709 739 1742 Ter.
755 1710 818 1742 Ad.
830 1709 904 1743 866.

434 1765 456 1805 ⁸)
482 1764 641 1797 Similiter
663 1764 824 1796 Benfeius
845 1764 1044 1804 (Terentius.
1068 1765 1239 1806 Stuttgart
1257 1765 1339 1797 1837
1362 1775 1393 1807 p.
1412 1765 1496 1806 931),
1520 1763 1706 1796 Meinekius
1721 1763 1806 1796 Phil.

326 1820 362 1851 et
383 1818 470 1851 Men.
487 1828 518 1860 p.
530 1817 561 1857 3,
585 1817 740 1850 Kauerus
761 1817 782 1851 l.
795 1817 816 1851 1.
840 1828 871 1860 p.
888 1818 937 1851 16.

434 1872 457 1914 ⁴)
481 1870 642 1904 ‘Gravari’
657 1872 746 1904 idem
762 1882 837 1904 esse
852 1873 955 1914 atque
970 1871 1161 1904 ‘adversari'
1177 1874 1383 1904 statuerunt:
1408 1872 1591 1904 Grauertus
1606 1872 1626 1902 l.
1640 1871 1660 1903 1.
1684 1881 1714 1913 p.
1729 1871 1805 1910 146;

326 1925 589 1967 Konigshoffius
618 1923 680 1956 ‘De
709 1925 841 1956 ratione
873 1935 973 1967 quam
1002 1925 1180 1958 Terentius
1202 1926 1236 1957 in
1266 1925 1390 1958 fabulis
1419 1924 1553 1957 Graecis
1581 1925 1700 1957 Latine
1728 1934 1806 1957 con-

322 1979 496 2012 vertendis
529 1980 668 2011 secutus
701 1977 765 2011 est'
799 1978 914 2011 Colon.
935 1978 1017 2011 1843
1039 1988 1070 2020 p.
1087 1979 1126 2011 17
1134 1989 1141 2018 ;
1176 1979 1206 2012 J.
1223 1979 1346 2011 Klasen
1370 1979 1423 2012 l.l.
1458 1989 1489 2020 p.
1504 1978 1560 2017 16;
1595 1979 1694 2010 Henr.
1718 1978 1805 2017 Siess,

319 2032 423 2065 ‘Uber
456 2033 510 2064 die
543 2032 733 2064 Komodien
768 2031 826 2064 des
859 2031 998 2064 Terenz'
1021 2032 1157 2064 Wiener
1179 2032 1274 2066 Stud.
1290 2033 1396 2064 XXIX
1419 2043 1451 2074 p.
1466 2032 1524 2064 101
1556 2031 1613 2064 alii
1639 2032 1806 2073 (Zimmer-

324 2095 436 2124 mann,
459 2085 604 2123 Teuffel,
629 2085 795 2127 Spengel).
841 2085 968 2118 Medias
1000 2085 1088 2118 inter
1121 2087 1307 2118 sententias
1340 2085 1442 2119 cessit
1474 2085 1606 2118 G.1hne
1630 2085 1684 2118 l.l.
1708 2095 1740 2128 p.
1751 2084 1803 2124 31,

324 2141 359 2171 et
392 2141 472 2181 post
505 2149 582 2171 eum
615 2139 668 2171 Fr.
684 2139 813 2181 Kampe
835 2139 890 2172 l.1.
914 2150 944 2181 p.
960 2139 1010 2178 10,
1042 2140 1098 2182 qui
1117 2139 1200 2172 ‘non
1223 2138 1391 2181 gravatur’
1428 2140 1494 2172 hoc
1522 2139 1598 2171 loco
1630 2149 1704 2171 esse
1721 2137 1804 2171 ‘non

322 2194 503 2235 tantopere
524 2203 634 2235 neque
656 2193 744 2225 serio
768 2202 877 2235 neque
899 2194 1046 2235 graviter
1069 2192 1192 2227 obstat’
1217 2194 1363 2236 putavit;
1387 2204 1488 2236 quam
1503 2193 1694 2236 opinionem
1709 2203 1806 2226 suam

321 2247 406 2280 facit
438 2247 469 2281 J.
494 2246 628 2280 Koehm
657 2245 896 2287 ‘Quaestiones
924 2248 1101 2280 Plautinae
1137 2247 1433 2289 Terentianasque’
1472 2247 1549 2280 diss.
1572 2248 1690 2280 Gissae
1721 2246 1804 2280 1897

321 2311 354 2343 p.
366 2301 418 2333 54.
442 2301 474 2332 Is
496 2301 599 2333 etiam
614 2301 681 2333 1100
704 2300 869 2343 explicare
890 2304 1033 2334 conatus
1055 2303 1109 2334 est
1132 2301 1174 2343 (p.
1185 2301 1249 2342 49),
1273 2302 1364 2343 quod
1390 2301 1577 2334 Aeschinus
1599 2301 1654 2334 ille
1677 2310 1804 2343 pavens

321 2356 426 2397 atque
447 2354 572 2386 timens
605 2364 655 2387 vs.
670 2353 735 2387 940
757 2356 876 2387 contra
898 2354 979 2395 ἦθος
1010 2365 1174 2397 personae
1204 2356 1238 2387 et
1268 2355 1500 2388 oeconomiam
1529 2355 1664 2388 fabulae
1697 2354 1804 2387 totius

322 2407 452 2441 consilii
488 2409 663 2449 tamquam
696 2410 818 2440 auctor
851 2410 913 2441 est.
958 2409 1065 2448 Quam
1099 2408 1337 2440 difficultatem
1371 2418 1447 2440 cum
1479 2408 1645 2440 Dziatzko
1678 2408 1804 2440 frustra

319 2461 600 2503 interpretatione
633 2471 792 2494 amovere
822 2461 998 2500 studuerit,
1032 2461 1220 2494 Koehmius
1252 2462 1379 2494 nodum
1408 2462 1457 2494 ita
1490 2462 1645 2503 expedire
1678 2461 1802 2500 studet,

320 2516 361 2546 ut
382 2515 486 2547 verba
507 2515 596 2546 inter
616 2524 780 2556 personas
804 2515 947 2547 dividat:
970 2525 1020 2548 vs.
1033 2514 1098 2547 940
1119 2515 1320 2557 (Aechinus).
1364 2515 1448 2548 Fac!
1482 2514 1630 2556 (Demea)
1660 2514 1803 2547 Promisi

320 2577 385 2610 ego
407 2568 482 2601 illis.
519 2568 639 2610 (Micio)
662 2568 822 2601 Promisti
851 2569 993 2601 autem?
1036 2569 1088 2601 De
1109 2571 1146 2601 te
1173 2568 1313 2610 largitor
1340 2569 1439 2611 puer!
1471 2587 1512 2592 —
1540 2568 1666 2601 Multos
1687 2569 1803 2600 autem

317 2621 414 2654 locos
428 2621 554 2660 attulit,
570 2622 692 2663 quibus
702 2622 801 2655 nobis
812 2622 1030 2664 persuaderet
1044 2622 1109 2655 hac
1123 2632 1208 2655 voce
1223 2622 1467 2655 contumeliosa
1478 2621 1606 2664 ‘puero'
1624 2622 1802 2654 Micionem
