2118 3040
900 150 1170 188 -22—

290 268 414 308 quam
443 255 705 297 scholiastam
732 256 785 296 ad
813 255 1082 297 Menandreas
1121 256 1282 297 Terenti
1316 255 1476 296 tabulas
1513 255 1659 296 mirum
1695 268 1776 295 non

290 319 507 371 videbitur,
538 332 661 372 quam
681 320 859 369 eleganti
879 321 921 360 et
939 320 1080 360 subtili
1098 322 1185 360 arte
1204 320 1280 369 hic,
1309 332 1391 360 non
1417 319 1484 360 ille
1504 320 1553 360 de
1573 322 1776 370 οἰκονομίᾳ

290 383 459 425 fabulae
486 383 685 424 nonnulla
713 384 896 424 disserat.
950 386 999 425 In
1028 384 1174 437 quibus
1201 385 1304 424 haec
1330 383 1483 424 scholia
1510 396 1716 427 numeres:

399 448 500 487 Don.
521 447 642 487 Andr.
662 448 752 487 459.
775 449 809 487 1.
837 449 881 488 in
914 448 986 489 hac
1017 461 1159 489 scaena
1191 462 1288 488 novo
1320 449 1429 488 modo
1465 452 1633 489 cessante
1660 448 1775 488 Davo

292 513 451 564 fallitur
477 513 584 554 Simo
605 526 680 564 per
706 514 873 553 nimiam
900 514 1151 564 sagacitatem
1177 526 1299 554 suam.
1344 514 1459 554 simul
1484 514 1530 553 in
1547 513 1620 553 hac
1636 526 1775 553 scaena

290 579 333 617 id
366 579 451 628 ayit
462 581 590 627 poeta,
617 581 663 616 ut
690 578 743 617 ad
768 578 931 627 nuptias
956 577 1158 627 faciendas
1185 578 1310 628 maqis
1336 577 1569 617 accendatur
1596 577 1711 617 Simo.
1739 581 1776 616 et

292 642 488 691 quaedam
505 641 719 691 industria,
747 642 937 692 quaedam
955 641 1057 682 velut
1083 654 1177 682 casu
1194 642 1388 692 eveniunt,
1415 644 1461 681 ut
1477 654 1584 683 nunc
1609 641 1775 693 suspicio

288 706 413 755 senis;
440 706 485 745 in
516 706 650 745 multis
677 706 781 745 enim
809 707 1013 755 οἰκονομία
1032 706 1261 745 comicorum
1278 709 1485 756 poetarum
1510 706 1570 745 ita
1587 719 1627 745 se
1652 706 1774 754 habet,

288 773 333 810 ut
362 782 483 810 casu
503 773 650 821 putet
676 773 914 820 spectator
940 770 1137 820 venisse,
1167 770 1285 820 quod
1312 770 1505 811 consilio
1532 769 1774 820 scriptoris

279 834 698 949 faetlgeqcrlluzzdntem
718 896 865 936 desunt
885 897 954 937 alii
972 897 1049 937 loci
1068 896 1314 949 Menandrei‚
1344 896 1396 936 ad
1424 910 1524 949 quos
1553 896 1773 937 scholiasta

288 961 408 1000 docet
435 963 604 1000 ‘certum
642 962 788 1012 poetae
827 961 1039 1000 consilium
1072 961 1199 1001 latere
1234 962 1481 1013 spectatores
1511 963 1552 1001 et
1579 972 1772 1013 personas

287 1024 483 1066 fabulae':

396 1089 498 1129 Eun.
517 1091 608 1130 965.
656 1095 777 1132 totum
805 1091 871 1131 hoc
907 1091 959 1131 ad
986 1091 1028 1131 id
1055 1092 1243 1137 additum,
1272 1095 1316 1131 ut
1342 1105 1460 1131 seneoe
1486 1091 1773 1132 intromittatur

285 1156 339 1195 ad
367 1155 655 1204 confirmandas
681 1156 850 1203 nuptias.
891 1157 956 1196 sed
986 1160 1103 1207 poeta
1138 1156 1208 1196 hoc
1243 1156 1335 1208 ayit,
1366 1169 1557 1207 personae
1583 1156 1770 1196 nesciunt.

394 1219 495 1259 Eun.
516 1220 606 1259 997.
653 1233 772 1261 suave
808 1224 864 1260 est
899 1222 1046 1261 nescire
1072 1234 1271 1272 personas,
1306 1221 1400 1270 quid
1427 1224 1520 1271 aqat
1541 1224 1678 1270 poeta:
1714 1221 1772 1260 ita

286 1297 369 1324 non
389 1286 688 1335 periclitaturus
715 1286 919 1325 Parmeno.

396 1347 498 1388 Eun.
521 1349 635 1388 1002.
659 1350 692 1389 1.
737 1349 906 1400 Pythias
925 1350 1121 1401 eqreditur
1147 1352 1249 1390 velut
1277 1350 1449 1390 irrisura
1477 1350 1769 1398 Parmenonem,

289 1418 335 1453 ut
363 1414 448 1464 ipsa
473 1418 589 1464 putat
597 1427 612 1464 ;
645 1415 776 1465 eqredi
803 1418 933 1454 autem
960 1427 984 1454 a
1006 1419 1122 1465 poeta
1149 1415 1309 1466 coyitur,
1347 1418 1391 1454 ut
1424 1415 1553 1455 doceat
1572 1414 1770 1465 populum,

287 1479 384 1528 quid
410 1479 520 1519 intus
547 1479 666 1530 eqerit
692 1492 820 1519 senex.

393 1541 495 1581 Eun.
516 1543 605 1581 292.
628 1543 661 1581 1.
702 1544 746 1583 in
773 1543 846 1582 hac
872 1556 1011 1582 scaena
1036 1556 1159 1583 novus
1183 1556 1293 1582 amor
1319 1544 1446 1582 adhuc
1464 1542 1593 1593 ephebi
1620 1547 1655 1582 et
1681 1555 1768 1582 con-

284 1607 423 1648 sitium
441 1607 750 1649 dehonestandae
767 1608 934 1659 virqinis
953 1608 1172 1648 ostenditur
1190 1611 1303 1648 tanta
1320 1607 1463 1648 virtute
1474 1611 1610 1658 poetae
1628 1608 1770 1656 comici,

285 1676 331 1712 ut
358 1672 426 1711 hoc
452 1675 704 1711 commentum
740 1684 821 1711 non
848 1672 1068 1721 quaesitum
1097 1685 1174 1711 esse
1201 1672 1267 1711 sed
1298 1671 1507 1712 occurrisse
1532 1684 1606 1712 sua
1638 1675 1770 1722 sponte

281 1737 474 1777 videatur.
501 1759 556 1765 —-
586 1734 693 1787 quod
721 1734 828 1776 idem
855 1735 983 1776 habes
1011 1737 1227 1787 repetitum
1255 1735 1356 1775 Eun.
1375 1736 1465 1775 364.
1487 1737 1520 1776 1.
1549 1735 1623 1776 CL:

394 1798 496 1840 Eun.
516 1800 605 1839 356.
621 1800 656 1839 3.
696 1804 732 1841 et
750 1801 847 1849 vide,
867 1813 986 1850 quam
1004 1801 1167 1842 molliter
1185 1804 1221 1841 et
1238 1801 1323 1841 sine
1341 1801 1531 1842 intellectu
1548 1801 1769 1852 spectatoris

282 1866 337 1905 ad
375 1866 598 1916 aryumenti
624 1866 787 1915 spectati
822 1866 997 1905 ordinem
1026 1870 1144 1915 poeta
1173 1866 1394 1916 perveniat,
1431 1869 1477 1906 ut
1512 1867 1559 1905 de
1594 1866 1768 1906 eunucho

280 1929 388 1979 facta
424 1931 617 1969 mentione
653 1930 856 1970 consilium
892 1934 1079 1970 nascatur
1114 1929 1357 1981 supponendi
1395 1930 1596 1969 Chaereae.
1653 1928 1766 1976 Quod

282 1994 478 2044 repetitur
504 1992 605 2032 Eun.
625 1993 714 2034 370.
737 1994 770 2033 1.
799 2017 851 2022 —-
881 1993 1094 2034 Praeterea
1121 1993 1170 2033 cf.
1189 1992 1263 2034 Ad.
1283 1994 1371 2033 252.
1394 1995 1427 2032 1.

391 2056 476 2096 Nec
504 2057 622 2096 satis:
656 2058 839 2107 singulae
869 2057 1250 2097 animadvertuntur
1277 2059 1502 2107 οἰκονομίας
1530 2057 1694 2109 species,
1725 2057 1766 2095 in

283 2120 432 2173 quibus
461 2121 595 2172 agitur
621 2121 835 2174 praecipue
864 2121 913 2162 de
940 2123 1252 2173 πιθανότητῌ)

389 2186 490 2226 Don.
509 2185 610 2225 Eun.
636 2186 725 2226 296.
747 2187 781 2226 2.
823 2188 923 2237 πρὸς
959 2188 1003 2226 τὸ
1040 2188 1242 2235 πιθανόνῖ)
1282 2191 1577 2240 argumentatus
1613 2191 1684 2236 est,
1721 2192 1767 2227 ut

280 2253 494 2291 ostenderet
530 2252 634 2291 hunc
669 2253 857 2303 grandem
899 2253 981 2292 iam
1021 2252 1203 2303 ephebum
1244 2253 1361 2293 etiam
1397 2253 1541 2292 amoris
1576 2256 1766 2303 expertem

279 2329 359 2355 non
378 2315 511 2364 fuisse
529 2347 539 2355 .
558 2348 566 2355 .
587 2347 595 2354 .

390 2477 411 2516 ²)
435 2476 520 2516 Quid
543 2475 750 2508 scholiastae
772 2475 940 2508 Homerici
963 2477 1006 2509 de
1027 2476 1213 2517 πιθανότητι
1237 2476 1413 2509 docuerint
1445 2476 1578 2509 uberius
1605 2476 1765 2519 explanat

279 2529 319 2563 R.
347 2529 539 2571 Griesinger
560 2529 581 2562 l.
597 2529 618 2562 1.
643 2540 674 2572 p.
690 2529 734 2562 29
746 2539 818 2572 sqq.
835 2530 887 2563 53.

388 2584 411 2624 ²)
434 2582 521 2623 παρὰ
537 2582 572 2613 τὸ
587 2583 724 2614 πιθανόν
740 2583 827 2616 Don.
844 2583 934 2616 Aa·
956 2583 1062 2616 5112.
1086 2584 1289 2624 (coniectura
1304 2584 1475 2616 Wessneri
1496 2583 1670 2626 probanda
1690 2584 1763 2624 est).
