2118 3040
936 168 1196 206 ..24-

427 274 543 313 Nunc
567 286 658 313 vero
678 275 818 325 specta
837 274 1048 314 nobiscum
1067 274 1218 314 Donati
1246 275 1299 314 ad
1327 274 1613 326 Apollodoreas
1641 274 1804 314 fabulas

323 338 675 378 commentarium:
705 337 774 390 qui
799 350 1021 390 numquam
1050 337 1223 378 adnotat
1252 337 1448 391 quomodo
1477 339 1802 391 ‘comparatione’

320 402 573 441 illustrentur
606 414 811 454 personae,
850 414 1094 454 quamquam
1135 402 1374 442 rhetoricam
1407 402 1519 442 illam
1551 402 1804 454 ‘qualitatem

320 466 652 517 comparativam'
683 466 795 515 (Don.
813 465 970 505 Phorm.
992 466 1079 506 153.
1100 467 1136 516 2)
1167 478 1360 518 persaepe
1388 466 1538 507 attulit.

428 529 502 568 His
531 532 670 569 autem
698 529 747 569 de
777 530 1076 581 comparatione
1106 529 1270 569 scholiis
1297 542 1407 569 nova
1426 530 1626 581 quaedam
1655 529 1801 570 addere

319 593 443 632 liceat
471 593 521 632 de
549 594 739 643 ἠθοποιίᾳ.
785 593 983 633 Personas
1013 593 1119 632 enim
1146 605 1280 633 coram
1300 592 1389 633 aliis
1409 593 1526 633 aliter
1542 593 1653 645 loqui
1670 606 1801 646 neque

318 670 452 697 rerum
481 659 595 697 statu
622 659 782 697 mutato
811 670 855 697 se
884 669 1042 709 semper
1061 656 1223 697 eosdem
1250 660 1456 709 praestare
1485 660 1802 698 consentaneum

320 724 394 761 est.
440 721 484 761 Id
504 724 645 761 autem
663 722 706 760 in
725 721 941 761 comoediis
965 734 1124 773 quoque
1155 721 1362 761 observari
1379 721 1591 761 ‘Donatus'
1612 721 1802 774 explicat:

427 785 528 826 Don.
547 785 621 826 Ad.
642 785 731 825 210.
751 786 786 825 3.
830 790 865 826 et
883 787 979 836 vide,
999 799 1116 836 quam
1134 787 1332 838 inyeniose
1358 786 1574 835 Terentius,
1593 788 1664 836 qm·
1679 800 1802 839 supra

315 853 365 891 ab
400 852 590 891 Aeschino
626 852 776 890 lenonis
811 852 967 891 nomine
1003 851 1099 901 facit
1135 851 1377 891 Sannionem
1412 852 1552 901 vocari,
1589 855 1717 902 utpote
1753 852 1800 891 ab

318 916 472 957 homine
491 916 693 962 arroyanti
719 919 755 955 et
782 916 901 965 feroci
927 915 970 954 ob
990 919 1152 955 aetatem
1181 929 1226 955 ac
1243 917 1448 966 neqotium,
1476 920 1517 955 at
1535 916 1639 955 hunc
1666 916 1801 956 blande

321 980 682 1020 circumvenientem
709 978 1028 1027 honorificentius
1059 979 1211 1019 inducit
1240 993 1326 1019 cum
1359 980 1493 1020 lenone
1520 980 1624 1029 loqui
1651 983 1686 1019 et
1713 993 1800 1020 eum

317 1046 559 1085 Sannionem
595 1058 739 1084 vocare.
803 1044 884 1094 fere
925 1045 994 1093 qui
1033 1044 1078 1084 in
1119 1044 1288 1084 sordidis
1324 1044 1624 1094 professionibus
1665 1049 1800 1095 ayunt,

316 1108 523 1157 honorifice
545 1109 706 1159 proprio
733 1108 891 1146 nomine
909 1108 1087 1158 appellas,
1116 1111 1158 1147 at
1185 1105 1273 1160 (in)
1301 1107 1511 1158 splendidis
1538 1107 1687 1148 artibus
1714 1121 1799 1147 con-

316 1174 446 1214 stituti
486 1176 657 1225 qaudent
707 1174 805 1214 artis
845 1174 1001 1213 nomine
1042 1174 1268 1223 nuncupari
1321 1177 1366 1213 ut
1413 1173 1623 1223 imperator
1670 1178 1800 1213 orator

313 1237 570 1288 philosophus
589 1269 597 1276 .
616 1268 624 1276 .
645 1266 653 1274 .
683 1236 731 1275 cf.
750 1236 851 1276 Don.
871 1235 944 1275 Ad.
965 1236 1053 1274 288.
1073 1237 1108 1274 4.
1137 1235 1237 1274 Eun.
1258 1236 1346 1274 455.

425 1300 499 1342 Ad.
520 1302 609 1340 270.
630 1301 666 1341 3.
707 1306 843 1351 specta,
862 1302 898 1341 si
915 1315 996 1340 non
1014 1302 1184 1341 rusticus
1203 1302 1423 1341 adulescens
1441 1305 1495 1341 est
1514 1305 1550 1341 et
1562 1302 1799 1352 purissimae

317 1366 585 1416 simplicitatis,
622 1367 717 1405 adeo
753 1369 798 1405 ut
833 1366 950 1404 etiam
986 1367 1075 1404 velle
1108 1365 1267 1404 laudare
1302 1365 1468 1415 fratrem
1501 1365 1623 1404 nimio
1647 1366 1799 1414 pudore

319 1445 398 1470 non
420 1431 544 1480 possit
562 1431 629 1468 hoc
655 1433 744 1479 solo,
774 1431 868 1479 quia
890 1443 1078 1480 praesens
1096 1433 1162 1478 est,
1189 1443 1276 1469 cum
1304 1430 1414 1468 idum
1432 1430 1599 1468 nimium
1626 1430 1799 1469 laudarit

312 1494 515 1534 absentem.

425 1557 498 1597 Ad.
519 1558 608 1597 456.
629 1558 663 1596 2.
706 1562 742 1598 et
768 1558 864 1608 vide,
895 1571 1012 1607 quam
1049 1558 1255 1607 viqilanter
1286 1561 1411 1608 poeta,
1451 1570 1537 1596 cum
1575 1557 1798 1608 simpliciter

317 1626 539 1662 matronam
558 1623 604 1662 de
622 1622 774 1662 absente
792 1622 964 1668 Heyione
981 1624 1194 1671 loquentem
1212 1623 1411 1661 induceret
1429 1622 1557 1661 ecoluit
1575 1622 1657 1661 nos'
1683 1622 1796 1671 dixit,

319 1700 406 1727 cum
433 1700 566 1726 servus
593 1690 628 1726 et
654 1688 815 1737 suppleae
843 1686 948 1736 apud
969 1690 1211 1735 praesentem
1230 1685 1410 1735 loquitur,
1439 1686 1496 1725 ‘tu
1516 1698 1554 1724 es
1574 1687 1795 1735 patronus'.

426 1750 542 1789 Hanc
580 1751 708 1788 artem
749 1762 775 1788 a
803 1749 1022 1788 scholiasta
1057 1749 1120 1787 his
1158 1749 1256 1788 locis
1294 1747 1548 1787 Menandreis
1586 1747 1796 1788 laudatam

314 1815 439 1854 etiam
454 1814 506 1853 ab
522 1812 762 1866 Apollodoro
778 1813 1002 1852 adhibitam
1019 1825 1109 1852 esse
1124 1813 1308 1852 videmus
1320 1811 1415 1852 Hec.
1430 1812 1494 1862 84,
1515 1811 1584 1851 ubi
1597 1812 1794 1852 Parmeno

318 1878 558 1918 Philotidem
595 1878 775 1930 appellat
811 1878 1071 1926 meretricem,
1111 1878 1207 1928 quia
1246 1890 1295 1917 ea
1329 1876 1455 1921 adest.
1492 1878 1617 1915 antea
1645 1878 1793 1926 autem,

313 1954 406 1982 cum
425 1941 624 1981 Parmeno
653 1954 791 1982 secum
809 1940 969 1981 locutus
998 1941 1052 1981 sit
1081 1953 1211 1993 neque
1238 1940 1426 1980 meretrix
1455 1939 1655 1980 audiverit
1672 1939 1797 1980 verba

312 2007 432 2055 servi,
462 2007 564 2045 dixit
582 2020 641 2047 vs.
661 2008 732 2045 81:
762 2006 847 2045 ‘sed
871 2006 1019 2045 videon
1047 2018 1120 2055 ego
1139 2005 1374 2045 Philotium
1385 2006 1419 2043 ‘?'
1458 2004 1543 2043 Nec
1569 2006 1708 2044 tamen
1736 2006 1795 2043 ita

311 2074 360 2110 ut
397 2071 438 2109 in
476 2069 685 2109 Menandri
726 2069 876 2109 fabulis
919 2081 1000 2121 qua
1041 2068 1090 2109 de
1132 2081 1258 2109 causa
1293 2080 1440 2108 nomen
1483 2068 1699 2108 meretricis
1742 2068 1796 2107 sit

312 2137 516 2174 mutatum
535 2135 732 2186 interpres
752 2134 969 2183 cognoscit,
1000 2134 1070 2173 sed
1091 2133 1197 2184 quod
1217 2133 1437 2172 scholiasta
1464 2131 1530 2171 ille
1559 2132 1787 2181 ‘ingenium’

314 2201 356 2238 et
383 2198 650 2248 ‘vigilantiam
669 2199 826 2248 poetae'
849 2197 1086 2246 nominavit,
1116 2196 1345 2235 ‘licentiam’
1378 2207 1467 2235 esse
1493 2197 1595 2235 alter
1613 2194 1794 2234 affirmat

312 2263 418 2311 (Hec.
439 2263 501 2302 84.
525 2263 570 2312 1).

424 2327 489 2366 Fit
517 2329 669 2377 autem,
699 2329 746 2366 ut
774 2326 863 2365 aliis
894 2326 1028 2366 verbis
1055 2337 1252 2377 personae
1282 2337 1329 2364 ac
1358 2337 1427 2376 per
1454 2325 1553 2375 ἦθος
1579 2323 1793 2363 verisimile

311 2394 377 2431 est
404 2393 588 2440 utuntur,
619 2391 653 2430 si
682 2403 820 2431 earum
848 2389 957 2430 aliud
986 2392 1049 2430 est
1075 2391 1217 2433 πάθοςε

420 2456 520 2495 Don.
536 2456 737 2496 Eun.320.
756 2470 837 2495 non
856 2456 923 2495 hoc
934 2469 1127 2506 personae
1146 2455 1437 2494 attribuendum
1455 2458 1523 2503 est,
1541 2454 1606 2493 sed
1625 2454 1792 2504 affectui.

319 2521 408 2569 (ὑπὸ
426 2525 492 2559 τοῦ
510 2521 663 2563 πάθους
681 2521 947 2570 προαγόμενος
970 2518 1091 2559 schol.
1112 2518 1232 2570 Soph.
1260 2518 1317 2557 Ai.
1336 2518 1425 2557 562.
1448 2517 1574 2566 1285).
1617 2515 1672 2556 Cf.
1692 2516 1792 2556 Don.

310 2584 413 2624 Eun.
433 2585 495 2624 58.
516 2585 604 2624 226.
621 2585 655 2624 2.
685 2585 775 2625 848.
791 2585 825 2623 2.
854 2584 943 2623 849.
962 2585 994 2623 1.
1023 2582 1096 2622 Ad.
1118 2583 1206 2622 780.
1222 2583 1258 2622 2.
1287 2583 1374 2621 772.
1396 2583 1483 2621 768.
