2118 3040
879 175 1146 215 —45-

274 287 442 326 ineunte
462 295 558 323 vero
578 294 727 322 scaena
753 282 798 322 H.
817 282 842 322 3
871 282 1043 334 Terenti,
1073 281 1180 322 unde
1210 282 1250 322 in
1269 282 1477 323 Menandri
1505 282 1643 323 fabula
1669 295 1753 324 non

276 352 365 389 erat
400 347 636 400 principium
673 359 858 397 scaenae,
898 347 1157 386 scholiastam
1195 348 1462 386 aestheticum
1498 360 1581 386 non
1618 347 1752 386 minus

275 426 398 465 quam
416 412 459 451 in
478 410 664 451 omnibus
683 411 767 451 fere
794 424 1030 452 scaenarum
1048 412 1173 451 initiis
1192 411 1423 451 fabularum
1442 412 1616 460 Terenti,
1647 424 1751 463 quae

274 490 298 516 0
325 475 544 516 Menandro
578 488 662 514 non
698 488 915 515 conversae
944 478 1052 526 sunt,
1083 475 1364 515 desideramus.
1421 475 1501 515 Sed
1532 478 1573 514 in
1601 476 1752 515 Donati

275 539 478 580 codicibus
493 539 746 580 Terentianis
765 540 887 579 etiam
908 539 1077 580 Charino
1099 539 1318 592 Byrriaque
1339 540 1583 579 exeuntibus
1602 552 1752 580 novam

276 616 466 643 scaenam
494 606 678 655 coeptam
707 616 796 643 esse
824 603 942 643 docet
968 604 1188 644 scholiasta
1214 604 1449 644 rhetoricus:
1504 604 1603 643 Don.
1629 604 1751 644 Andr.

273 668 365 707 375.
399 669 431 707 1.
486 668 576 708 haee
629 682 769 708 scaena
824 667 1288 722 [deliberationem]
1345 670 1510 709 eontinet
1554 669 1664 709 Davi
1717 673 1753 709 et

275 734 482 784 Pamphili.
495 734 521 783 1)

382 796 535 837 Eadem
562 810 626 837 res
646 799 770 850 atque
797 798 840 837 in
859 799 1015 838 scaenis
1043 799 1087 839 IL
1108 799 1132 837 2
1162 801 1204 838 et
1229 798 1274 837 Π.
1294 799 1318 837 3
1347 799 1515 838 occurrit
1532 798 1574 837 in
1594 799 1751 838 scaenis

274 862 320 901 ΙΙ.
339 866 365 902 4
394 865 435 901 et
462 861 507 901 II.
527 863 601 912 5²)
657 862 762 901 Nam
801 875 891 902 cum
923 863 966 902 in
993 876 1051 902 vs.
1072 864 1150 902 412
1178 863 1328 914 Byrria,
1367 875 1539 914 persona
1576 862 1749 911 Terenti,

274 926 501 976 inducatur,
531 926 640 979 apud
668 926 899 967 Terentium
936 940 1045 967 nova
1073 939 1223 967 scaena
1260 939 1329 979 per
1356 939 1504 967 novam
1538 939 1750 979 personam

274 991 428 1041 incipit3
456 991 499 1030 in
517 990 726 1030 Menandri
754 994 892 1030 autem
919 991 1060 1030 fabula
1089 1004 1262 1031 scaenae
1290 991 1334 1030 Π.
1355 992 1379 1029 4
1400 993 1442 1030 et
1459 992 1484 1030 5
1513 992 1750 1030 coniunctae

274 1056 392 1093 erant
411 1053 470 1103 (cf.
491 1055 558 1093 Dz.
577 1054 601 1093 l.
621 1055 644 1094 l.
664 1068 700 1107 p.
712 1055 813 1104 245).
850 1055 895 1093 In
915 1067 1064 1094 scaena
1091 1067 1204 1106 porro
1220 1055 1305 1094 11.4
1338 1055 1477 1094 Davus
1497 1054 1751 1106 Pamphilum

276 1118 408 1158 denuo
447 1118 696 1170 adhortatur,
733 1121 780 1158 ut
816 1119 915 1159 illud
953 1119 1162 1159 consilium
1192 1122 1396 1171 sequatur,
1428 1119 1491 1158 cui
1518 1119 1752 1171 Pamphilus

275 1183 320 1224 II.
340 1183 364 1223 5
394 1183 655 1235 obtemperat.
712 1183 814 1232 Quid
844 1186 982 1223 autem
1009 1184 1193 1224 Donatus
1222 1184 1274 1223 ad
1301 1184 1345 1223 H.
1365 1185 1390 1222 4
1419 1183 1581 1223 Terenti
1600 1183 1702 1233 (440.
1717 1185 1750 1233 1)

276 1247 493 1288 adscribit?
521 1250 639 1299 Haec,
668 1249 810 1301 inquit,
839 1263 977 1289 scaena
1002 1251 1146 1289 nodum
1172 1250 1333 1289 innectit
1360 1250 1502 1289 erroris
1534 1249 1690 1299 fabulae
1717 1254 1752 1289 et

268 1314 486 1362 periculum
500 1314 682 1353 comicum
687 1327 702 1363 ‚·
718 1314 816 1364 facit
830 1314 946 1353 etiam
960 1315 1236 1354 eoesecutione‘m
1252 1315 1495 1354 consiliorum
1514 1312 1575 1362 (cf.
1589 1313 1680 1353 338.
1690 1314 1710 1352 1
1719 1314 1750 1362 1).

276 1376 388 1424 Quod
426 1380 707 1427 argumentum
744 1379 900 1429 septem
932 1371 1116 1417 versibus
1144 1378 1355 1417 404-411
1394 1389 1475 1416 11011
1513 1377 1750 1426 continetur,

275 1441 346 1480 sed
382 1442 540 1481 scaenis
568 1442 612 1481 11.
633 1443 658 1480 4
686 1444 728 1481 et
754 1442 798 1481 11.
819 1442 844 1481 5
872 1442 950 1493 vel,
989 1445 1035 1481 ut
1064 1443 1241 1493 apertius
1268 1442 1419 1493 loquar,
1450 1442 1575 1481 verba
1602 1442 1751 1481 Donati

274 1503 327 1544 ad
355 1517 545 1545 scaenam
573 1505 859 1546 Menandream
880 1506 935 1556 (II.
955 1507 992 1557 3)
1022 1506 1232 1559 quadrant.
1279 1506 1325 1545 In
1354 1518 1502 1546 scaena
1528 1506 1572 1547 H.
1592 1506 1629 1556 5,
1660 1518 1749 1545 cum

274 1570 350 1609 hoc
368 1583 451 1609 non
470 1569 648 1611 Graecae
675 1571 836 1610 initium
860 1572 926 1621 sit,
955 1571 1020 1611 ille
1049 1571 1268 1611 scholiasta
1287 1572 1494 1611 scaenicus
1524 1571 1649 1621 deest,
1679 1570 1750 1610 sed

274 1635 446 1684 vestigia
483 1635 675 1675 Euanthii
704 1636 815 1685 (Don.
835 1636 955 1675 Andr.
976 1636 1064 1675 412.
1087 1637 1107 1674 1
1139 1638 1180 1675 et
1206 1636 1244 1685 3)
1283 1636 1449 1676 subesse
1487 1635 1533 1676 G.
1562 1635 1749 1676 Scheide-

275 1699 428 1738 mantel
454 1699 521 1738 l.1.
550 1713 585 1751 p.
605 1700 657 1738 55
687 1699 989 1739 demonstravit.

382 1817 483 1865 Quid
523 1818 670 1867 igitur?
713 1818 939 1857 Scholiasta
976 1819 1223 1857 aestheticus
1261 1832 1311 1858 ex
1347 1818 1472 1868 fonte,
1516 1820 1584 1870 qui
1622 1832 1750 1871 aeque

274 1880 392 1920 fluxit
418 1882 460 1921 111
489 1883 551 1921 his
580 1882 794 1922 Terenti
830 1882 980 1922 fabulis
1008 1882 1275 1934 Menandreis,
1314 1896 1413 1923 non
1441 1884 1599 1935 hausit3
1636 1897 1750 1923 nam

274 1947 523 1995 quotiens
569 1947 784 1986 Terenti
829 1960 928 1987 non
979 1947 1251 1987 Menandri
1297 1951 1452 1988 erant
1503 1962 1749 1998 scaenae,

274 2008 473 2049 nullum
503 2010 762 2051 scholium
791 2011 1017 2052 exhibet.
1056 2012 1276 2052 Accedit
1303 2013 1432 2065 quod
1460 2025 1560 2053 non
1590 2012 1751 2053 semel

275 2084 450 2112 scaena
495 2075 834 2126 Menandrea,
888 2089 988 2115 non
1034 2076 1385 2125 Terentiana,
1434 2077 1748 2128 explicatur.

275 2134 387 2183 Quae
416 2151 506 2178 cum
534 2141 594 2179 ita
622 2140 714 2190 sint,
744 2140 893 2180 nulla
921 2140 1193 2181 dubitatio
1222 2142 1441 2181 videtur
1469 2155 1606 2191 esse,
1637 2143 1748 2194 quin

275 2201 440 2238 noster
467 2203 735 2242 scholiasta
763 2205 1015 2243 scaenicus
1044 2204 1108 2243 sit
1135 2205 1451 2244 Menandreus
1481 2206 1693 2245 Graecus.

382 2337 403 2378 ¹)
426 2338 476 2371 De
498 2340 564 2373 hoc
586 2341 770 2374 scholiasta
790 2341 1086 2375 ‘deliberationem’
1108 2343 1294 2375 adnotante
1317 2344 1359 2375 cf.
1373 2354 1472 2385 supra
1493 2354 1523 2385 p.
1539 2344 1569 2376 8.

381 2390 403 2432 ¹)
426 2391 476 2424 De
498 2393 572 2427 Ter.
588 2395 739 2429 versibus
761 2395 906 2428 Andriae
927 2395 992 2429 426
1014 2397 1059 2439 (et
1080 2395 1154 2438 640)
1186 2408 1262 2430 011111
1285 2397 1468 2440 Euripideis
1498 2397 1628 2430 collatis
1657 2400 1748 2431 recte

275 2443 313 2475 G·
330 2443 436 2484 Regel
459 2446 525 2486 (1.1.
542 2458 573 2489 p.
590 2449 620 2489 5)
651 2450 834 2481 assentitur
864 2450 1028 2482 Grauerto
1059 2451 1089 2490 (1.
1105 2451 1127 2482 l.
1144 2461 1175 2492 p.
1195 2452 1254 2483 195
1267 2452 1350 2493 sqq.)
1384 2456 1419 2483 et
1447 2451 1647 2483 Dziatzkoni
1678 2452 1708 2491 (l.
1726 2452 1747 2483 l.

273 2505 304 2538 P·
321 2495 396 2537 250)
424 2500 542 2532 contra
571 2501 773 2535 Meinekium
804 2503 984 2544 (Menandri
1014 2504 1049 2535 et
1077 2503 1282 2537 Philemonis
1311 2505 1470 2547 reliquiae
1499 2504 1645 2537 Berolini
1662 2505 1748 2537 1823

273 2549 460 2592 02231111.)
494 2555 530 2585 et
562 2555 694 2588 Ihnium
716 2557 747 2596 (1.
766 2557 787 2589 1.
810 2568 841 2598 p.
859 2556 921 2597 14).
952 2575 992 2580 —
1023 2557 1074 2589 De
1103 2558 1229 2590 Donati
1257 2559 1360 2592 Andr.
1379 2558 1449 2592 406.
1486 2559 1536 2599 (fr.
1558 2559 1600 2590 39
1621 2559 1673 2599 K.)
1704 2559 1748 2592 cf.

273 2603 517 2636 Dziatzkonem
539 2607 560 2638 l.
577 2607 597 2640 l.
622 2619 654 2649 p.
669 2609 743 2642 245.

1491 2665 1532 2697 4*
