2118 3040
858 218 1126 255 ..61-

362 327 424 365 ΙΠ.
445 327 470 364 4
499 324 619 364 schol.
639 325 729 363 447.
751 325 783 363 1.
804 325 828 362 2
858 323 918 372 (cf.
937 323 1058 362 schol.
1079 323 1198 375 Soph.
1218 324 1277 363 Ai.
1298 324 1427 372 735).1)

363 390 425 431 III.
445 389 470 429 5
499 387 621 429 schol.
641 388 730 428 511.
753 390 785 428 1.
806 389 840 428 2.

364 453 429 493 IV.
447 453 468 490 1
499 451 618 491 schol.
638 451 728 491 517.
750 453 813 501 15)

365 516 430 558 IV.
446 518 470 556 2
500 516 620 556 schol.
640 516 729 557 540.
751 517 772 556 1
804 517 862 566 (cf.
882 515 1002 557 schol.
1027 516 1316 567 lepidissimum
1345 516 1444 555 Don.
1471 516 1543 556 Ad.
1569 517 1657 555 560.
1686 518 1731 563 1).

364 581 428 620 IV.
444 581 505 630 3⁸)
535 580 655 620 schol.
675 581 764 619 592.
787 582 808 619 1
839 582 997 630 (πρέπον
1024 580 1114 619 598.
1137 581 1181 627 1).

364 643 429 684 IV.
445 645 469 682 4
499 643 619 683 schol.
640 644 751 683 610a
772 645 810 683 1:
848 645 915 684 hoc
941 645 1017 683 loco
1045 646 1068 666 *
1074 649 1297 694 χαρακτῆρα
1331 645 1501 684 amantis
1536 644 1733 683 immodice

256 709 410 749 iuvenis
452 707 528 756 (IV.
552 708 588 748 4.
623 708 702 746 610
721 731 771 735 —
793 708 883 757 634)
925 712 960 747 et
999 709 1103 748 senis
1142 708 1239 758 facit
1278 708 1518 759 indulgentis
1559 721 1603 747 ac
1643 708 1733 757 lepi-

256 773 408 812 dissimi
437 772 569 821 patm's
608 771 683 819 (IV.
706 772 741 811 5.
762 772 997 821 635-712).
1051 771 1201 810 Iterum
1240 771 1340 810 haec
1377 770 1437 819 (cf.
1467 783 1589 822 supra
1615 783 1651 822 p.
1667 771 1731 818 60)

257 848 339 876 non
375 836 578 887 pertinent
606 835 656 875 ad
686 847 874 875 scaenam
903 835 1064 875 Terenti
1093 834 1356 887 (soliloquium
1384 835 1575 875 Aeschini
1601 835 1665 874 1V.
1681 836 1732 884 4),

257 899 330 939 sed
358 900 409 938 ad
439 912 628 938 scaenam
657 899 966 948 (Menandream)
995 899 1058 939 IV.
1079 901 1104 937 4
1123 900 1175 952 -Ι-
1195 900 1230 938 5.
1286 899 1348 938 Ad
1376 911 1566 938 scaenam
1594 901 1733 938 autem

257 963 321 1003 IV.
342 964 379 1012 5,
409 963 554 1015 quippe
583 977 687 1015 quae
715 976 795 1003 non
825 964 879 1003 sit
905 976 1012 1003 nova
1033 963 1289 1013 Menandrea,
1320 963 1539 1003 scholiasta
1567 963 1731 1003 aesthe-

258 1028 362 1066 ticus
390 1039 472 1066 non
510 1029 658 1076 exstat,
697 1028 768 1066 sed
796 1027 873 1076 ille,
912 1028 980 1078 qui
1008 1027 1056 1066 de
1085 1027 1295 1079 ‘principio’
1336 1039 1508 1066 scaenae
1537 1026 1647 1075 dicit;
1685 1028 1731 1066 cf.

260 1103 382 1143 supra
409 1104 445 1143 p.
467 1091 526 1131 10.
568 1091 682 1130 Unde
701 1091 961 1143 perspicimus
989 1091 1031 1141 in
1060 1091 1261 1131 codicibus
1281 1091 1533 1131 Terentianis
1559 1104 1730 1143 quoque,

258 1168 359 1206 quos
386 1155 484 1204 legit
510 1155 708 1205 Donatus,
738 1168 887 1194 novam
916 1168 1104 1195 scaenam
1134 1156 1322 1206 coepisse.

366 1241 565 1280 Graecum
589 1243 727 1280 autem
745 1243 907 1292 poetam
928 1254 1018 1280 cum
1042 1241 1191 1281 scholio
1212 1240 1363 1281 Graeco
1384 1241 1581 1281 habemus
1610 1242 1732 1281 etiam

256 1306 298 1344 in
326 1305 389 1344 his
418 1306 593 1345 scaenis:

365 1380 430 1420 IV.
446 1381 470 1419 6
500 1380 620 1421 schol.
642 1381 811 1430 713.1.⁴)

364 1444 428 1483 IV.
446 1446 468 1483 7
498 1444 619 1483 schol.
640 1445 727 1483 719.
750 1446 782 1483 1.
803 1445 838 1483 2.

365 1508 410 1547 V.
429 1509 449 1546 1
461 1510 487 1558 ⁵)
517 1508 636 1548 schol.
649 1509 736 1548 763.
759 1510 793 1558 1,
814 1510 860 1547 ut
875 1521 996 1560 supra
1011 1508 1070 1548 III.
1090 1509 1110 1547 1
1127 1508 1190 1561 Η-
1207 1509 1255 1558 2),
1276 1508 1340 1548 IV.
1356 1510 1380 1547 4
1397 1510 1459 1559 (-{—
1471 1510 1519 1559 5),
1537 1508 1733 1548 scholium

257 1669 315 1708 ita,
350 1671 388 1701 ut
417 1670 505 1701 inter
537 1670 601 1702 354
623 1671 658 1701 et
679 1670 743 1702 355
776 1680 876 1701 anum
911 1680 986 1701 cum
1020 1669 1201 1702 obstetrice
1234 1670 1370 1702 domum
1403 1670 1528 1702 redisse
1560 1672 1734 1711 spectator

258 1723 435 1756 coniceret.
474 1723 540 1755 Sed
562 1733 671 1755 novus
686 1723 862 1764 scrupulus
877 1723 1024 1761 exsistit;
1049 1733 1107 1754 cur
1129 1723 1217 1754 enim
1239 1723 1426 1755 Aeschinus
1447 1733 1496 1757 vs,
1512 1722 1577 1754 610
1598 1723 1733 1755 demum

258 1776 446 1815 revertitur,
479 1777 536 1818 qui
567 1777 655 1808 sicut
683 1786 777 1815 anus,
808 1776 874 1808 iam
903 1778 983 1818 post
1011 1778 1125 1808 actum
1151 1775 1216 1808 354
1243 1776 1429 1817 perfectum
1450 1776 1573 1807 reverti
1596 1776 1732 1818 potuit?

259 1828 363 1861 Estne
379 1838 481 1861 causa
494 1829 636 1862 ‘lenonis
651 1828 858 1862 absolvendi’
874 1829 957 1871 (Ter.
973 1829 1035 1861 Ad.
1052 1829 1125 1870 277)
1141 1829 1272 1868 idonea,
1285 1839 1371 1871 quae
1386 1829 1514 1861 tamdiu
1529 1829 1733 1862 Aeschinum

257 1882 366 1923 possit
386 1883 568 1915 amovere?

367 1936 388 1977 ¹)
412 1937 550 1968 Praeter
572 1937 657 1969 alios
680 1937 776 1977 (Don.
789 1937 850 1968 Ad.
862 1936 935 1968 456.
948 1936 978 1978 2)
1003 1936 1166 1978 optimum
1181 1936 1297 1968 videas
1311 1936 1528 1969 scholiastam
1544 1936 1732 1968 fabularum

259 1998 368 2021 novae
401 1990 594 2022 comoediae
627 2000 695 2022 non
717 1989 858 2022 inscium
889 1989 949 2023 Ad.
966 1989 1069 2022 4811
1096 2016 1128 2023 ..
1146 2015 1153 2022 .
1188 1992 1219 2022 et
1246 1993 1341 2023 nota
1364 1990 1559 2032 puellarum,
1584 1992 1668 2032 'quac
1696 1990 1732 2023 in

258 2043 424 2076 comoediis
444 2044 592 2076 honestae
612 2046 689 2076 sunt
710 2047 739 2076 ct
761 2054 800 2076 w:
821 2054 928 2076 amore
954 2043 1126 2083 ducuntur,
1157 2045 1216 2077 aut
1237 2045 1365 2077 nullam
1386 2045 1422 2077 in
1450 2054 1564 2077 ecaena
1586 2054 1651 2077 esse
1673 2046 1733 2076 aut

258 2095 466 2130 rarissimam
502 2108 614 2130 vocem.
658 2097 732 2129 Hoc
761 2100 976 2139 praeceptum
1005 2098 1168 2139 probatur
1197 2098 1395 2139 fragmentis
1425 2098 1597 2130 Menandri
1627 2107 1732 2139 nuper

258 2150 404 2190 repertis,
429 2161 494 2193 qua
517 2152 558 2184 de
580 2161 616 2184 re
636 2159 714 2183 cum
736 2161 803 2183 van
825 2151 1049 2184 Leeuwenum
1072 2152 1145 2184 tum
1167 2151 1353 2184 Robertum
1376 2160 1503 2184 errasse
1525 2153 1670 2184 constat.

366 2203 388 2245 ²)
411 2204 482 2237 Nec
495 2206 595 2238 rebus
610 2216 673 2238 nec
688 2205 894 2247 temporibus
908 2205 1043 2237 fabulae
1065 2205 1263 2247 postulatur,
1288 2208 1325 2237 ut
1347 2215 1457 2238 novus
1472 2208 1569 2238 actus
1584 2205 1730 2247 incipiat.

366 2257 388 2297 ³)
412 2258 463 2290 De
484 2268 552 2292 vss.
567 2259 631 2291 605
640 2269 689 2301 sq.
713 2259 755 2291 cf.
772 2259 969 2291 Nencinium
990 2259 1011 2292 l.
1027 2259 1048 2291 l.
1073 2269 1105 2301 p.
1123 2259 1193 2291 128.
1212 2259 1281 2291 139.

365 2310 388 2349 ⁴)
412 2312 464 2343 Ab
487 2312 552 2345 hac
574 2322 697 2345 scaena
718 2312 921 2345 Menandrea
940 2312 1037 2353 μέρος
1059 2322 1187 2345 novum
1209 2312 1404 2355 principium
1427 2312 1585 2345 habuisse
1600 2322 1730 2350 censeo,

259 2362 354 2396 cuius
375 2364 454 2398 finis
484 2368 557 2399 erat
584 2367 618 2398 in
648 2376 747 2399 versu
769 2366 843 2399 786.
887 2366 1003 2409 Neque
1033 2367 1102 2399 ulla
1124 2366 1310 2399 difficultas
1339 2367 1380 2399 de
1402 2368 1593 2409 temporum
1621 2366 1729 2408 spatio

260 2418 398 2458 propter
411 2420 533 2452 vs.7l9
545 2430 617 2462 sqq.
634 2421 792 2459 exoritur,
809 2421 837 2452 si
846 2430 945 2453 versu
960 2420 1023 2452 712
1039 2422 1152 2453 actum
1175 2420 1416 2459 conclusimus;
1439 2431 1548 2463 neque
1565 2420 1731 2452 assentior

261 2469 431 2510 Nencinio,
462 2474 519 2513 qui
547 2474 709 2506 nonnulla
738 2474 772 2505 in
800 2473 936 2506 fabulae
964 2473 1111 2506 Graecae
1144 2474 1342 2506 oeconomia
1371 2484 1392 2505 a
1414 2474 1569 2505 Terentio
1599 2474 1732 2504 mutata

261 2531 336 2554 esse
358 2523 538 2557 arbitratur
559 2527 581 2559 1.
596 2527 618 2559 l.
641 2537 673 2569 p.
691 2527 831 2568 l40sqq.

366 2576 388 2617 ⁶)
413 2576 451 2609 In
472 2578 588 2612 fabula
611 2581 811 2613 Menandrea
842 2582 876 2613 et
905 2580 1106 2613 Terentiana
1135 2581 1212 2613 inde
1243 2581 1415 2613 exordium
1443 2580 1522 2612 novi
1543 2582 1640 2612 actus
1662 2589 1732 2612 non

260 2630 352 2661 recte
381 2629 520 2664 ducitur.

1496 2697 1541 2730 5*
