2118 3040
806 200 1072 238 β-27-

304 306 415 346 Idem
443 308 581 345 autem
607 305 802 357 interpres
822 306 890 358 qui
909 305 981 346 Ad.
998 306 1059 345 26.
1079 307 1100 344 1
1121 305 1245 344 etiam
1265 304 1358 344 alibi
1379 304 1427 344 de
1448 303 1678 343 nominibus

199 371 357 411 comicis
385 370 510 409 verba
535 369 653 409 facit:

306 444 427 485 Andr.
447 445 535 484 226.
552 446 586 485 4.
614 460 761 496 semper
787 448 949 487 nomina
976 447 1206 486 comicon
1233 459 1430 484 servorum
1457 449 1527 484 aut
1554 458 1580 483 a
1606 457 1677 483 na·

197 510 366 551 tionibus
391 514 484 549 sunt
501 511 641 560 indita,
669 514 713 550 at
725 510 853 561 Mysis
867 512 1003 562 Syrus,
1024 514 1093 550 aut
1112 523 1160 549 ex
1179 509 1448 558 accidentibus,
1477 513 1521 548 ut
1534 508 1678 548 Lesbia

196 576 296 616 velut
324 575 470 615 ebriosa
488 588 513 615 a
533 575 654 615 Lesbo
681 577 823 626 insula,
852 589 949 626 qnae
975 576 1092 626 ferax
1119 579 1173 615 est
1199 575 1421 615 suavissimi
1449 575 1676 614 candidissi-

196 641 324 690 mique
350 640 446 690 vini,
485 644 554 679 aul
590 653 614 679 a
649 641 817 680 moribus
850 646 885 680 et
920 641 1156 690 vernilitate,
1193 643 1237 679 ut
1264 640 1492 689 Pseudulus,
1531 643 1601 678 aut
1628 652 1677 677 ex

196 705 357 756 neqotio,
386 708 430 743 ut
460 704 684 754 Chrysalus,
714 710 783 744 aut
810 719 858 744 ex
885 706 1068 754 qualitate
1096 705 1276 754 corporis,
1306 708 1349 743 ut
1375 704 1577 754 Thylacus,
1606 707 1677 742 aut

197 783 244 809 ea:
270 769 392 818 specie
417 769 577 819 formae,
614 773 658 808 ut
690 769 908 809 Pinacium.
957 768 1048 809 Non
1085 770 1253 808 exstant
1290 769 1454 807 nomina
1485 766 1677 807 Pseuduli

196 832 390 883 Chrysali,
428 831 604 883 Thylaci,
642 832 793 871 Pinacii
819 833 861 871 in
888 833 1050 872 Terenti
1076 831 1225 871 fabulis
1254 844 1384 882 neque
1413 831 1605 883 ‘'Phylaci’
1630 832 1676 869 in

194 895 404 936 Plautinis.
461 895 516 936 Of.
535 895 635 935 Don.
650 894 749 935 Eun.
769 897 857 936 414.
870 897 906 946 2,
937 896 1085 947 774.3;
1115 895 1187 936 Ad.
1208 896 1299 944 581,
1329 896 1418 935 973.
1438 897 1469 935 1.
1511 895 1571 935 De
1599 895 1676 934 hac

194 962 338 1013 poetae
366 965 434 999 τοῦ
461 961 660 1012 ἠθοποιεῖν
688 962 774 1000 arte
803 961 855 1001 ad
872 960 1101 1013 Apollodori
1119 959 1279 1000 fabulas
1308 960 1407 999 nihil
1427 959 1571 999 dicitur
1597 959 1676 998 nisi

194 1025 289 1064 Hec.
310 1026 371 1064 78.
386 1027 431 1066 4:
460 1027 593 1076 Scirte,
623 1028 793 1065 convenit
819 1040 957 1066 nomen
984 1040 1091 1066 servo
1113 1040 1237 1076 puero
1264 1026 1370 1074 παρὰ
1395 1026 1438 1063 τὸ
1457 1029 1674 1075 σκιρτῶσαι,

195 1092 294 1140 quod
321 1095 375 1130 est
401 1092 595 1142 yestire
623 1095 659 1130 et
685 1092 882 1141 ludere,
911 1091 983 1130 sed
1012 1092 1113 1130 haec
1139 1090 1265 1130 verba
1294 1102 1345 1129 ex
1366 1088 1436 1129 Ad.
1457 1089 1617 1129 26.1..
1637 1121 1645 1128 .
1665 1119 1674 1128 .

194 1155 250 1194 vel
286 1168 311 1194 a
347 1156 461 1194 ludo
499 1159 533 1194 et
569 1156 969 1206 yesticnlatione
1006 1156 1155 1195 Scirtus
1174 1184 1324 1193 ......
1363 1154 1458 1192 mihi
1487 1152 1675 1192 videntur

195 1219 460 1268 transscripta
487 1231 587 1257 esse.

304 1304 400 1351 Quis
429 1317 544 1354 porro
573 1304 832 1343 scholiastam
852 1304 1046 1343 Graecum
1067 1304 1270 1355 appellare
1292 1305 1453 1343 dubitat
1471 1316 1576 1352 eum,
1607 1305 1673 1354 qui

195 1366 247 1406 ad
276 1379 436 1407 versum
466 1367 550 1407 Ter.
570 1367 691 1407 Andr.
712 1368 805 1406 219:

453 1443 644 1493 quidquid
671 1444 901 1493 peperisset,
932 1443 1195 1482 decreverunt
1222 1443 1361 1481 tollere

194 1516 385 1557 adscribit
422 1517 532 1566 (Don.
553 1517 642 1557 219.
659 1518 694 1568 1)
732 1519 914 1558 maiorem
949 1518 1278 1568 reprehensionem
1324 1522 1437 1558 sonat
1469 1518 1671 1568 ‘qumuid

187 1583 424 1629 peperisset':
445 1584 606 1630 paritur
634 1584 736 1621 enim
763 1587 832 1621 aut
858 1595 941 1620 mas
959 1586 1027 1621 aut
1044 1582 1205 1630 femina,
1235 1586 1270 1620 et
1287 1584 1377 1620 solet
1393 1584 1536 1621 iustior
1554 1595 1672 1621 causa

194 1659 270 1685 esse
308 1646 471 1696 tollendi,
509 1647 544 1686 si
580 1659 727 1686 marem
762 1660 862 1686 uxor
891 1646 1050 1697 peperit.
1078 1646 1143 1685 sed
1170 1647 1313 1685 amoris
1340 1647 1458 1686 nimii
1486 1651 1551 1696 est,
1590 1660 1669 1686 non

193 1714 389 1758 eoepectare
416 1711 509 1758 quid
536 1711 653 1749 tollas.
704 1709 899 1759 Loquitur
916 1709 1036 1757 igitur
1054 1708 1272 1747 scholiasta
1297 1709 1347 1747 de
1366 1709 1500 1747 liberis
1519 1709 1668 1748 tollen-

194 1771 254 1810 dis
273 1784 367 1811 vere
391 1771 580 1823 Graecus,
611 1774 674 1812 cui
703 1772 872 1812 crudelis
890 1772 1154 1823 immanisque
1174 1785 1260 1811 mos
1275 1771 1422 1811 liberos
1442 1773 1669 1824 exponendi

193 1836 377 1885 cognitus
396 1839 519 1888 atque
538 1839 702 1888 apertus
722 1840 796 1886 est,
816 1850 912 1876 nam
925 1837 1102 1885 miratur,
1123 1835 1229 1887 quod
1243 1836 1478 1888 Pamphilus
1490 1836 1669 1888 puellam

192 1898 309 1950 tollit,
359 1911 443 1940 non
479 1901 653 1953 exponit.
714 1901 772 1940 Ac
809 1901 1058 1940 conferamus
1095 1900 1354 1951 interpretem
1388 1912 1551 1940 versum
1589 1900 1669 1940 400

191 1962 384 2014 Hecyrae,
413 1963 578 2004 fabulae
607 1977 690 2003 non
715 1964 992 2015 Menandreae,
1020 1966 1295 2003 enarrantem:

299 2031 490 2092 continuo
520 2052 760 2101 exponetur:
789 2050 854 2089 hic
881 2050 995 2089 tibist
1022 2049 1078 2088 nil
1106 2049 1318 2100 quicquam
1347 2049 1587 2089 incommodi

191 2135 245 2174 Et
254 2136 352 2174 mire
369 2137 535 2176 necandi
546 2138 664 2186 pueri
682 2151 762 2176 non
775 2137 820 2185 fit
833 2138 984 2186 mentio,
1000 2137 1091 2185 quia
1107 2135 1302 2185 Pamphili
1314 2136 1419 2184 filius
1432 2137 1666 2186 invenietur,

191 2211 276 2238 cum
304 2199 339 2238 ei
366 2199 482 2239 etiam
502 2213 577 2250 per
597 2205 751 2251 patrem
763 2202 913 2252 paeane
924 2204 1038 2252 poeta
1055 2200 1244 2240 succurrit
1264 2199 1365 2247 (400.
1381 2200 1429 2249 2).
1473 2199 1550 2248 Qui
1567 2199 1666 2239 illud

191 2262 362 2313 ‘exponi'
391 2265 442 2302 ad
469 2268 627 2303 mortem
655 2264 789 2312 (schol.
808 2265 832 2304 3
861 2264 1062 2316 posterior)
1091 2276 1181 2303 esse
1210 2265 1253 2302 et
1280 2276 1322 2302 re
1349 2276 1449 2303 vera
1476 2264 1551 2304 hoc
1578 2264 1666 2304 loco

190 2327 353 2368 necandi
373 2327 491 2378 pueri
517 2339 588 2379 pro
616 2327 683 2367 illo
713 2328 1020 2369 Atheniensium
1046 2339 1155 2367 more
1174 2327 1420 2368 mentionem
1439 2328 1527 2368 fieri
1551 2328 1665 2379 igno-

191 2393 264 2431 rat.
305 2390 414 2430 Idem
432 2391 561 2440 igitur,
590 2393 696 2443 quod
722 2406 844 2445 supra
872 2393 1175 2441 affirmavimus,
1204 2405 1224 2430 s
1235 2405 1256 2431 c
1265 2392 1293 2431 h
1304 2405 1327 2431 o
1337 2392 1352 2431 l
1361 2393 1375 2430 i
1385 2405 1411 2431 a
1421 2406 1441 2432 s
1453 2395 1472 2432 t
1480 2406 1506 2432 a
1515 2406 1555 2432 m
1582 2392 1601 2431 f
1610 2406 1635 2432 a
1645 2415 1665 2422 -

191 2455 430 2495 bularum
476 2454 533 2494 de
580 2454 860 2497 Menandro
881 2456 1152 2497 ductarum
1189 2468 1288 2495 non
1336 2458 1666 2496 nescientem

190 2532 356 2560 rerum
385 2518 791 2559 Atheniensium
820 2534 935 2561 esse
963 2521 1231 2573 perspicimus.

263 2686 380 2713 Sti-uck.
1427 2683 1448 2715 3
