2118 3040
936 193 1204 231 -64-

328 297 501 338 duarum
529 297 715 337 Eunuchi
753 298 916 338 fabulae
955 311 1228 350 personarum.
1283 298 1367 337 Nec
1402 298 1535 337 minus
1573 298 1649 338 hoc
1685 297 1809 337 etiam

328 362 514 403 Donatus
543 364 682 402 censet
701 361 813 411 (Eun.
829 363 910 413 26):
941 378 1019 404 non
1039 377 1172 404 versas
1186 364 1298 404 obicit
1316 364 1353 413 (i.
1368 375 1400 403 e.
1414 362 1559 403 Luscio
1573 362 1810 413 Lanuvino),

328 431 395 468 sed
415 442 624 479 personam
653 442 732 468 esse
761 430 1004 468 translatam.
1043 430 1137 478 qaid
1159 430 1316 469 stultius
1344 432 1414 470 aut
1439 429 1716 469 calumniosius
1734 428 1811 468 dici

324 492 479 542 potest?
533 491 655 531 Cuius
684 492 913 531 sententiae
952 504 1092 543 parum
1131 504 1327 531 memores
1364 505 1408 531 se
1435 491 1709 544 praebuerunt
1736 492 1811 531 viri

328 555 447 605 docti,
474 569 566 596 cum
584 555 770 596 Eunuchi
788 569 982 608 personas
1002 556 1139 596 militis
1160 558 1201 596 et
1219 557 1386 608 parasiti
1406 568 1495 596 esse
1514 558 1625 596 totas
1644 555 1809 596 fabulae

329 620 483 659 Colacis
513 622 765 669 censerent.¹)
821 621 1100 659 Demonstrari
1128 623 1267 659 autem
1304 621 1450 671 poterit
1485 623 1572 659 tam
1610 622 1698 658 arte
1734 619 1811 658 has

328 696 521 736 personas
561 696 653 723 cum
680 683 876 723 Eunucho
911 683 1053 724 fabula
1089 685 1250 723 iunctas
1280 696 1382 735 esse,
1422 687 1479 733 ut,
1516 684 1550 723 si
1578 683 1809 723 Terentium

329 761 400 787 eas
438 750 549 787 totas
583 747 786 787 addidisse
815 751 995 799 putares,
1034 748 1120 786 eius
1158 748 1364 798 ingenium
1402 748 1526 800 pluris
1564 747 1809 787 aestimares.

330 811 409 852 Sed
428 812 580 852 talibus
608 811 764 851 iudiciis
804 815 846 852 et
879 813 1125 862 argumentis
1166 812 1324 851 omissis
1353 813 1631 864 quaestionem
1659 813 1809 851 Teren-

328 878 484 916 tianam
513 888 604 916 cum
632 877 866 915 Donatiana
894 876 1133 926 coniungere
1162 889 1388 928 pergamus.

437 940 536 980 Cum
574 953 723 981 scaena
759 941 786 980 I.
809 942 872 990 1⁹)
912 941 965 982 sit
1001 941 1247 980 Menandrea
1290 940 1350 988 (cf.
1378 941 1478 980 Don.
1508 942 1570 981 46.
1590 942 1615 979 4
1652 960 1705 974 =
1738 940 1809 989 frg.

328 1006 431 1044 Men.
454 1006 531 1043 186
547 1005 614 1048 K.;
643 1005 743 1043 Don.
764 1006 826 1042 46.
847 1007 892 1054 73
931 1006 1001 1054 frg.
1026 1005 1130 1045 Men.
1160 1005 1235 1043 187
1257 1004 1303 1043 K.
1332 1023 1384 1036 =
1413 1005 1498 1043 Ter.
1527 1004 1627 1043 Eun.
1650 1005 1700 1043 76
1713 1007 1810 1055 sqq.)

329 1068 549 1111 scholiasta
577 1067 756 1109 Graecus
785 1070 898 1118 (Don.
918 1070 979 1108 46.
1002 1070 1037 1118 1)
1067 1070 1244 1108 occurrit.

437 1133 499 1171 Ad
519 1133 545 1171 I.
562 1133 586 1170 2
607 1134 747 1171 autem
767 1132 1073 1172 adnotationem
1094 1133 1143 1172 de
1163 1134 1252 1172 tota
1271 1144 1430 1182 scaena,
1453 1144 1543 1171 cum
1563 1132 1613 1171 ad
1640 1132 1810 1183 primum

330 1209 493 1236 versum
539 1196 639 1235 nihil
678 1196 907 1248 adpositum
950 1198 1013 1246 sit,
1062 1197 1256 1235 excidisse
1303 1197 1385 1235 iam
1427 1196 1661 1247 Schopenus
1702 1197 1810 1235 recte

330 1262 488 1301 statuit.
545 1259 624 1300 Sed
660 1261 783 1300 variis
820 1260 918 1299 locis
956 1260 1176 1300 scholiasta
1223 1263 1361 1300 noster
1397 1260 1644 1300 aestheticus
1685 1259 1811 1299 verba

329 1326 449 1365 facit:
487 1327 586 1365 Don.
616 1323 716 1363 Eun.
737 1325 839 1363 91.1
879 1325 936 1371 (cf.
966 1337 1088 1375 supra
1116 1338 1151 1375 p.
1168 1325 1243 1372 25).
1271 1325 1333 1363 98.
1354 1325 1378 1362 3
1414 1325 1520 1374 παρὰ
1563 1325 1810 1374 προσδοκίαν.

441 1440 463 1480 ¹)
487 1440 539 1472 Ita
561 1441 794 1473 iudicaverunt
805 1441 858 1473 W.
875 1441 915 1472 H.
935 1441 1078 1473 Grauert
1093 1441 1147 1474 1.1.
1171 1451 1202 1483 p.
1217 1441 1369 1483 148sqq.‚
1393 1441 1432 1474 K.
1451 1441 1564 1473 Braun
1588 1440 1609 1474 l.
1622 1440 1641 1472 l.
1656 1450 1687 1483 p.
1700 1440 1809 1483 23sq..

329 1493 382 1526 Fr.
395 1494 525 1536 Kampe
552 1494 624 1536 (Die
640 1495 830 1537 Lustspiele
846 1495 905 1528 des
920 1495 1048 1528 Terenz
1077 1495 1142 1527 und
1165 1495 1237 1527 ihre
1258 1505 1306 1537 gr.
1324 1495 1376 1528 Or.
1404 1505 1435 1537 p.
1452 1494 1600 1537 10sqq.);
1635 1494 1695 1528 Ph.
1708 1495 1810 1527 Fabia

330 1548 366 1580 P.
384 1548 521 1580 Terenti
554 1549 627 1580 Afri
649 1548 842 1581 Eunuchus.
867 1549 961 1581 Paris
991 1549 1073 1581 1895
1096 1559 1127 1590 p.
1140 1549 1191 1581 38.
1223 1567 1264 1571 —
1293 1549 1459 1580 Braunius
1485 1548 1593 1586 Ihnio‚
1617 1549 1672 1589 qui
1694 1549 1811 1580 ambas

329 1610 490 1643 personas
520 1601 634 1635 militis
668 1604 703 1635 et
736 1602 874 1644 parasiti
908 1602 1010 1635 etiam
1033 1602 1067 1634 in
1090 1602 1255 1635 Eunucho
1278 1602 1448 1635 exstitisse
1471 1613 1502 1644 p.
1519 1601 1559 1634 18
1581 1604 1697 1634 censet
1720 1602 1810 1642 (item

331 1656 369 1686 G.
382 1656 488 1695 Regel
511 1656 531 1688 l.
544 1656 565 1686 1.
582 1666 612 1696 p.
628 1655 688 1696 11),
725 1656 975 1687 concedendum
998 1665 1071 1687 esse
1094 1658 1213 1696 negat3
1248 1655 1328 1697 quin
1351 1656 1453 1687 etiam
1476 1665 1552 1686 cum
1578 1654 1703 1686 Donati
1730 1655 1811 1686 illud

329 1707 518 1740 Terentius'
531 1708 713 1741 Menandro
723 1708 849 1751 opponi
861 1710 996 1751 putaret
1013 1709 1082 1750 (sed
1099 1709 1139 1741 cf.
1154 1719 1254 1751 supra
1269 1719 1302 1751 p.
1312 1709 1356 1741 49
1370 1708 1446 1741 adn.
1458 1708 1498 1750 4),
1514 1708 1558 1741 ad
1572 1710 1706 1741 tantum
1721 1718 1811 1741 erro-

329 1772 399 1794 rem
423 1772 620 1803 progressus
643 1764 706 1801 est,
730 1764 768 1794 ut
790 1763 873 1794 alias
897 1773 1030 1804 quoque
1053 1764 1186 1803 praeter
1208 1763 1348 1794 militem
1364 1765 1399 1794 et
1413 1762 1597 1803 parasitum
1613 1772 1774 1803 personas
1790 1772 1810 1793 a

329 1814 489 1846 Terentio
501 1817 693 1856 assumptas
707 1825 781 1847 esse
793 1816 969 1846 statueret.
992 1815 1117 1846 Contra
1126 1815 1308 1847 Braunium
1315 1814 1496 1847 Nencinius
1511 1814 1684 1847 contendit
1696 1814 1810 1846 militis

329 1868 534 1910 parasitique
557 1869 691 1900 tantum
714 1878 874 1910 personas
897 1879 916 1900 e
938 1868 1111 1900 Menandri
1133 1868 1255 1900 Colace
1281 1868 1464 1900 translatas
1487 1878 1570 1901 esse.
1614 1868 1811 1900 Nencinium

330 1931 411 1952 vero
446 1922 622 1962 impugnat
657 1920 809 1952 Cartault
836 1920 913 1952 ‘Sur
945 1912 1132 1962 l‘Eunuque
1166 1921 1207 1952 de
1227 1919 1386 1952 Terence’
1409 1921 1504 1952 Paris
1522 1920 1604 1952 1895
1627 1931 1658 1961 p.
1674 1920 1809 1961 54sqq.,

331 1974 387 2015 qui
410 1973 605 2005 Terentium
635 1983 695 2015 pro
727 1973 943 2006 adulescente
973 1983 1142 2016 quoquam
1172 1973 1325 2016 posuisse
1347 1982 1526 2016 personam
1548 1972 1663 2006 militis
1686 1975 1809 2007 censet.

331 2028 397 2061 Sed
431 2028 631 2069 fragmentis
666 2028 796 2061 Colacis
829 2029 969 2070 repertis
1003 2028 1086 2069 (The
1117 2027 1364 2070 Oxyrhynchus
1392 2028 1514 2070 Papyri
1542 2039 1574 2060 n.
1589 2028 1655 2060 409
1681 2028 1811 2060 v01.111

328 2092 359 2123 p.
372 2082 468 2123 l7sq.
481 2082 635 2113 Londinii
651 2082 732 2114 1903
747 2084 782 2113 et
798 2082 833 2113 in
848 2082 1058 2114 Menandreis
1077 2082 1128 2114 ed.
1151 2082 1190 2114 A.
1211 2082 1317 2113 Korte
1330 2081 1461 2123 Lipsiae
1483 2081 1566 2113 1910
1587 2091 1618 2123 p.
1631 2081 1809 2122 175—188)

329 2144 440 2167 novae
462 2135 538 2166 viae
559 2136 697 2176 apertae
720 2136 808 2173 sunt,
839 2144 924 2176 quas
946 2135 1116 2176 ingressus
1132 2135 1186 2168 Fr.
1198 2135 1277 2173 Leo,
1300 2134 1500 2167 Menanders
1515 2135 1625 2167 Kolax
1656 2134 1809 2175 („Nachr.

330 2189 360 2220 d.
387 2188 428 2219 K.
458 2188 641 2220 Gesellsch.
670 2188 702 2220 d.
715 2188 816 2220 Wiss.
838 2198 866 2219 z.
892 2188 1094 2229 Gottingen“
1123 2188 1202 2229 phil.
1219 2188 1298 2220 hist.
1314 2188 1366 2220 Kl.
1385 2188 1468 2220 1903
1490 2198 1521 2229 p.
1534 2188 1599 2219 688
1612 2188 1695 2230 sqq.)
1726 2188 1812 2219 haec

330 2241 411 2273 dicit
433 2242 519 2283 (pag.
532 2240 621 2281 690):
649 2241 750 2279 „Also
774 2240 835 2273 hat
858 2240 986 2273 Terenz
1010 2251 1072 2273 aus
1095 2241 1172 2273 dem
1195 2240 1305 2273 Kolax
1328 2251 1399 2279 nur,
1429 2241 1492 2273 wie
1522 2251 1558 2272 er
1587 2241 1695 2273 selber
1723 2244 1810 2282 sagt,

328 2304 491 2336 personas
514 2294 652 2336 parasiti
676 2296 711 2326 et
733 2294 848 2326 militis
871 2296 1088 2326 entnommen
1111 2295 1180 2326 und
1203 2294 1293 2326 diese
1315 2295 1391 2326 dem
1414 2293 1596 2326 Eunuchos
1619 2294 1810 2335 eingefiigt;

329 2348 390 2380 das
411 2347 541 2380 konnte
565 2357 601 2379 er
622 2357 694 2386 nur,
717 2357 815 2379 wenn
840 2347 899 2379 der
913 2347 1096 2380 Eunuchos
1119 2348 1323 2389 wenigstens
1346 2347 1420 2379 eine
1435 2346 1493 2379 der
1507 2347 1636 2379 Person
1659 2347 1718 2379 des
1732 2347 1811 2380 Bias

329 2401 596 2443 entsprechende
611 2401 710 2433 Rolle
726 2401 900 2433 enthjelt“.
914 2419 954 2424 —
968 2401 1005 2433 ln
1021 2401 1214 2434 universum
1228 2401 1271 2433 ad
1287 2401 1340 2434 W.
1348 2401 1369 2432 J
1372 2427 1379 2434 .
1390 2399 1650 2442 Oudegeest‘De
1658 2400 1810 2433 Eunuchi

329 2455 553 2487 Terentianae
576 2454 739 2497 exemplis
763 2454 899 2487 Graecis
922 2453 1126 2497 disputatio'.
1162 2455 1240 2488 diss.
1256 2454 1364 2487 Amst.
1381 2454 1489 2487 Breda
1503 2453 1586 2487 1906
1607 2453 1811 2496 relegavisse

330 2511 384 2541 sat
406 2510 467 2547 est,
493 2519 568 2540 cum
591 2518 613 2540 a
634 2509 707 2540 viro
731 2508 832 2540 docto
856 2508 938 2540 nihil
961 2508 1041 2541 novi
1064 2508 1241 2541 afferatur.

437 2562 460 2603 ²)
484 2562 535 2594 De
548 2562 687 2594 exordio
703 2562 839 2593 fabulae
855 2563 891 2593 et
905 2561 1011 2594 Persii
1027 2563 1090 2594 sat.
1100 2561 1139 2594 V.
1154 2561 1212 2593 161
1227 2571 1300 2604 sqq.
1314 2561 1356 2595 cf.
1372 2561 1420 2594 Fi.
1431 2560 1572 2593 Nencini
1583 2561 1603 2593 l.
1619 2561 1640 2594 l.
1658 2560 1810 2603 p.80sq.‚

330 2616 392 2649 Ph.
404 2616 508 2648 Fabia
530 2615 583 2649 1.1.
608 2626 638 2658 p.
652 2615 691 2648 51
702 2625 785 2658 sqq.,
809 2615 840 2649 J.
852 2616 882 2648 J.
896 2615 1059 2648 Hartman
1082 2615 1137 2648 1.l.
1161 2615 1286 2657 p.3sq.
