2118 3040
933 194 1202 233 -68-

328 299 537 339 Chremete
576 311 658 338 non
697 299 826 341 solum
854 299 1112 351 Menandreo‚
1154 298 1225 339 sed
1262 300 1386 339 etiam
1415 299 1657 338 Terentiano
1686 297 1815 350 valet;

327 365 374 403 cf.
394 364 514 404 schol.
534 365 624 404 531.
643 366 684 405 1:
712 378 808 405 nam
835 367 1024 406 rusticum
1053 379 1131 405 esse
1166 366 1298 405 statim
1336 365 1461 415 mayis
1499 365 1708 414 apparebit,
1746 364 1815 404 ubi

326 429 470 469 dixerit
497 430 581 470 ‘ras
608 430 660 469 eo'
692 429 750 478 (cf.
770 428 891 469 schol.
911 429 1013 479 532).

435 504 514 543 Sed
544 517 622 554 quo
651 504 770 543 modo
799 505 875 543 hoc
903 504 1084 543 scholion
1112 505 1388 544 Donatianum
1422 504 1477 542 sit
1513 506 1658 552 ortum,
1696 503 1812 542 facile

326 566 504 620 expediri
541 570 687 620 potest.
749 567 978 608 Scholiasta
1015 567 1224 607 Romanus
1262 568 1380 618 enim,
1425 579 1515 607 cum
1553 566 1606 607 ad
1642 567 1810 619 primum

325 645 489 672 versum
517 645 691 672 scaenae
710 633 981 672 Menandreae
1011 633 1161 672 scholio
1182 632 1334 672 Graeco
1359 632 1533 683 quodam
1562 632 1611 670 de
1631 633 1813 670 ‘rustico'

325 695 537 735 Chremete
565 695 669 735 lecto
709 696 785 735 sibi
822 696 1002 736 nondum
1031 696 1301 748 persuasisset
1339 696 1461 736 etiam
1499 695 1541 734 in
1570 694 1815 734 Terentiana

324 760 468 800 fabula
494 774 579 800 rem
608 762 665 801 sic
693 774 736 800 se
766 761 925 810 habere,
965 761 1116 801 scholio
1155 760 1212 800 illi
1240 761 1516 800 ‘Menandreo'
1546 763 1662 801 caute
1691 759 1812 811 ‘apud

325 824 604 864 Menandrum’
635 824 830 875 addidit.¹)

433 901 644 952 Paulisper
662 904 800 940 autem
822 901 1081 953 alionquoque
1101 902 1221 940 huius
1251 914 1424 940 scaenae
1449 901 1599 939 scholio
1627 901 1812 939 insistere

324 965 460 1004 liceat:
490 965 590 1005 Don.
610 965 699 1005 537.
718 966 739 1004 1
765 966 851 1006 vide
870 979 949 1005 non
969 980 1046 1005 esse
1065 966 1238 1015 otiosam,
1267 967 1367 1016 quod
1386 966 1519 1005 omnia
1533 968 1814 1014 praetemptata

324 1034 418 1069 sant
452 1031 586 1079 potius
627 1043 746 1078 qaam
779 1043 841 1070 res
874 1032 1099 1079 importuna
1137 1031 1260 1079 fieret,
1303 1034 1347 1069 at
1389 1031 1440 1068 ad
1482 1030 1617 1068 militis
1657 1030 1814 1068 domam

328 1093 506 1134 Chremes
534 1095 793 1133 deduceretur.
827 1107 948 1144 neque
982 1095 1087 1134 enim
1114 1093 1360 1133 conveniebat
1381 1106 1572 1143 personae
1599 1093 1639 1132 B
1653 1106 1679 1132 a
1693 1105 1712 1132 c
1726 1105 1745 1131 c
1758 1092 1814 1132 hi

323 1159 474 1208 aliquid
501 1172 707 1199 amasam
736 1162 806 1199 aut
833 1159 1048 1209 infacetum
1076 1163 1146 1199 ant
1173 1159 1335 1208 ἄκαιρον
1350 1159 1387 1207 ²).
1444 1156 1549 1196 Num
1589 1156 1809 1196 scholiasta

326 1221 536 1261 Romanus
570 1223 785 1273 quicquam
818 1234 1016 1273 personae
1045 1222 1191 1262 Bacchi
1221 1222 1433 1262 convenire
1453 1221 1623 1261 scribit?
1661 1220 1813 1260 Immo

324 1286 628 1325 invenimus
649 1285 924 1336 Graecum,
954 1287 1119 1338 quiin
1139 1287 1387 1326 honorem
1406 1285 1600 1325 Bacchi
1628 1297 1811 1325 novam

325 1350 651 1390 comoediam
693 1352 776 1400 agi
819 1354 1023 1399 censet,
1068 1354 1209 1390 contra
1250 1351 1478 1390 Euanthius
1520 1350 1586 1390 vel
1627 1351 1812 1389 Donatus

323 1414 500 1466 Apollini
528 1415 672 1465 Νομίῳ
698 1414 766 1454 vel
797 1416 977 1465 Ἀγυιαίῳ
1006 1415 1276 1455 ‘comoediam
1314 1428 1402 1455 esse
1441 1414 1633 1455 dicatam'
1675 1413 1813 1453 dicunt

325 1478 385 1527 (cf.
404 1478 581 1518 Euanth.
601 1479 661 1518 De
680 1480 759 1518 fab.
780 1480 806 1518 I.
824 1480 865 1527 33
894 1480 994 1518 Don.
1015 1480 1135 1519 Andr.
1157 1480 1245 1520 726.
1261 1480 1301 1529 23
1330 1479 1430 1519 Eun.
1451 1480 1512 1518 85.
1530 1480 1577 1528 1).

432 1545 469 1584 A
496 1556 557 1584 vs.
586 1543 665 1582 539
706 1546 868 1593 (scaena
904 1543 966 1584 ΙΠ,
983 1545 1020 1593 4)
1048 1556 1200 1583 novum
1241 1546 1361 1593 μέρος
1399 1542 1628 1583 comoediae
1665 1542 1812 1594 incipit.

322 1607 452 1646 Docet
480 1610 620 1646 autem
648 1620 723 1646 nos
753 1608 831 1646 Leo
860 1607 1126 1646 Menandrum
1155 1620 1276 1658 saepe
1306 1619 1477 1646 scaenas
1506 1607 1562 1645 sic
1589 1607 1812 1651 instituere,

323 1674 371 1711 ut
408 1672 462 1712 sit
500 1672 645 1720 (verbis
683 1672 780 1723 ipsis
808 1672 973 1712 Leonis:
1004 1672 1038 1712 d.
1068 1672 1254 1722 Monolog
1281 1672 1336 1711 im
1373 1671 1524 1711 Drama
1551 1684 1587 1722 p.
1607 1672 1659 1710 65
1688 1673 1811 1720 utor):

324 1735 527 1785 ‘Monolog
554 1748 636 1774 von
657 1749 693 1787 a,
725 1736 794 1775 der
818 1736 844 1775 b
873 1736 1190 1775 herankommen
1220 1736 1338 1787 sieht,
1368 1735 1555 1785 Monolog
1583 1747 1664 1773 von
1684 1735 1709 1774 b
1738 1735 1814 1773 mit

323 1800 659 1840 Zwischenreden
696 1814 777 1840 von
815 1814 856 1850 a;
898 1801 924 1840 b
954 1800 1123 1840 erblickt
1151 1814 1177 1840 a
1214 1800 1297 1840 und
1325 1800 1439 1840 redet
1471 1800 1541 1838 ihn
1571 1802 1646 1839 an'.
1702 1800 1812 1839 Talis

323 1876 563 1903 scaenarum
601 1864 749 1903 ordinis
788 1864 869 1903 Leo
909 1864 1136 1916 exemplum
1174 1864 1296 1903 affert
1332 1876 1474 1903 versus
1504 1864 1717 1902 225—270
1727 1876 1812 1916 sqq.

324 1930 365 1968 et
386 1929 599 1968 289—304
615 1942 698 1980 sqq.
739 1930 826 1970 Iam
855 1929 977 1979 igitur
1004 1929 1274 1979 intellegimus
1299 1942 1489 1968 scaenam
1516 1929 1579 1968 111.
1595 1930 1619 1967 4
1639 1930 1690 1979 -Ι-
1710 1928 1771 1968 ΠΙ.
1787 1930 1813 1968 5

322 2005 433 2032 more
452 1992 696 2032 Menandreo
716 1993 947 2033 institutam
967 2006 1068 2033 esse.
1106 1993 1185 2033 Sed
1201 1993 1249 2032 de
1266 2007 1315 2033 ea
1333 1993 1593 2045 inspiciamus
1608 1992 1813 2032 Donatum

322 2057 472 2097 539.1:
507 2059 551 2097 in
579 2058 648 2097 hoc
674 2059 871 2108 proloquio
905 2059 1124 2099 insinuatio
1147 2072 1337 2108 personae
1370 2059 1454 2098 eius
1482 2062 1546 2108 est,
1579 2059 1643 2099 cui
1671 2071 1812 2098 narra-

323 2127 437 2162 turus
465 2126 519 2162 est
550 2123 734 2168 Chaerea,
768 2136 866 2172 qnae
894 2137 919 2163 a
946 2137 985 2162 se
1005 2127 1094 2172 post
1127 2136 1305 2163 scaenam
1331 2127 1436 2174 qesta
1468 2126 1570 2162 sant.
1605 2122 1651 2171 fit
1684 2126 1813 2162 autem

322 2187 391 2226 hoc
412 2188 552 2237 populi
579 2199 710 2235 causa,
740 2191 785 2226 at
803 2191 993 2237 spectator
1012 2187 1167 2227 oriculis
1186 2187 1362 2236 accipiat,
1392 2187 1492 2235 quod
1510 2187 1677 2226 subicere
1695 2187 1813 2227 oculis

315 2254 432 2300 poeta
447 2263 526 2290 non
538 2251 665 2300 potuit
691 2249 751 2298 (cs.
767 2250 888 2289 schol.
905 2249 1024 2301 Soph.
1041 2249 1097 2289 El.
1116 2250 1241 2299 1404).
1280 2249 1522 2288 Audivimus
1537 2249 1810 2298 scholiastam,

323 2313 525 2353 Graecum
563 2313 727 2363 scilicet,
767 2316 814 2353 ut
852 2326 1011 2366 semper
1049 2314 1124 2354 hoc
1160 2313 1258 2354 loco.
1313 2313 1478 2353 Praeter
1504 2313 1613 2353 hunc
1640 2312 1810 2363 legimus

432 2465 455 2505 ¹)
478 2464 602 2496 Iniuria
635 2464 738 2506 igitur
770 2463 952 2497 Nencinius
984 2437 1195 2497 Chremetem
1226 2464 1464 2497 Menandreum
1493 2463 1668 2505 (Eunuchi)
1697 2463 1810 2506 paullo

259 2508 261 2511 '
321 2518 419 2550 aliter
441 2528 462 2549 a
484 2518 641 2550 Terentio
666 2518 835 2559 depictum
859 2528 934 2561 esse
959 2518 990 2558 (l.
1008 2518 1029 2549 l.
1045 2518 1086 2549 85
1097 2520 1180 2559 sqq.)
1209 2520 1334 2550 censet.
1379 2517 1505 2550 Contra
1525 2517 1723 2549 Nencinium
1746 2517 1812 2548 dis-

321 2573 421 2613 putat
444 2570 596 2603 Cartault
619 2571 640 2603 l.
657 2571 678 2603 l.
694 2581 726 2614 p.
742 2571 794 2604 50.
806 2571 858 2604 51.

432 2625 455 2665 ²)
479 2625 690 2657 Vocabulum
706 2624 862 2664 ‘c’r'xatpov’
882 2625 947 2656 hoc
970 2627 1104 2657 tantum
1121 2625 1196 2657 loco
1213 2627 1334 2663 exstat,
1360 2624 1402 2656 cf.
1415 2625 1520 2657 schol.
1534 2624 1637 2666 Soph.
1651 2624 1702 2655 Ai.
1718 2624 1811 2657 1205.
