2118 3040
323 315 591 353 Personarum
619 314 718 363 ἦθος
755 316 891 352 autem
929 312 1146 352 aflectibus
1184 313 1300 364 quasi
1335 305 1538 352 mutatum
1567 312 1693 351 videri

219 392 302 419 non
339 376 559 418 adnotatur
595 377 674 416 nisi
701 390 727 416 a
754 377 918 417 Terenti
952 376 1182 417 fabularum
1210 376 1544 417 Menandrearum
1581 389 1690 417 com-

221 443 459 490 mentatore,
496 441 723 493 exemplum
758 440 946 483 videlieet
982 443 1120 481 secuto
1150 441 1457 481 scholiastarum
1485 440 1692 493 Sophoclis

220 508 264 546 et
290 505 500 557 Euripidis,
530 505 578 545 cf.
597 505 645 545 H.
664 505 903 545 Steinmann
930 505 953 545 l.
972 504 996 546 l.
1016 519 1052 557 p.
1072 506 1133 545 63.
1153 507 1216 546 64.

324 645 458 696 Atque
498 644 621 684 etiam
658 643 867 684 subtiliora
903 643 951 683 de
980 645 1066 684 arte
1095 645 1295 695 ἠθοποιίας
1321 646 1534 696 poetarum
1561 643 1691 683 Athe-

222 708 425 748 niensium
445 708 673 748 enucleavit
696 707 761 747 hie
778 709 899 748 trium
919 708 1080 748 Terenti
1107 708 1336 748 fabularum
1356 708 1692 748 Menandrearum

217 773 414 824 interpres
443 772 710 811 aesthetieus:

323 836 424 876 Eun.
445 838 507 876 91.
529 838 562 876 1.
603 851 749 889 mayna
786 839 909 878 virtus
939 842 1073 888 poetae
1110 842 1175 886 est,
1212 852 1292 878 non
1329 839 1536 877 sententias
1571 838 1691 878 solum

217 902 265 942 de
284 903 559 942 consuetudine
587 914 632 941 ac
658 903 704 941 de
730 903 854 942 medio
881 903 1006 943 tollere
1034 906 1069 942 et
1089 915 1234 953 ponere
1260 903 1305 943 in
1333 903 1530 952 comoedia,
1560 915 1691 942 verum

221 967 339 1006 etiam
366 967 480 1006 verba
508 967 696 1015 quaedam
724 980 771 1005 ex
798 968 991 1007 communi
1015 980 1188 1006 sermone
1205 998 1213 1006 .
1234 995 1242 1004 .
1262 996 1270 1005 .

323 1029 387 1069 Ad
426 1029 533 1081 quod
575 1029 754 1070 scholion
793 1030 1004 1071 adsumas:
1032 1030 1133 1070 Don.
1151 1030 1252 1070 Eun.
1272 1031 1360 1070 432.
1401 1031 1605 1082 disciplina
1638 1034 1692 1070 est

222 1097 376 1134 comicis
403 1100 447 1134 ut
473 1097 611 1135 stultas
628 1097 838 1134 sententias
863 1096 922 1135 ita
948 1097 1064 1135 etiam
1092 1097 1228 1135 vitiosa
1250 1096 1364 1134 verba
1382 1096 1569 1134 ascribere
1595 1096 1691 1133 ridi-

218 1160 315 1201 culis
354 1158 618 1211 imperitisque
654 1160 915 1211 personis...
951 1160 1034 1201 vide
1073 1160 1195 1213 iqitur
1228 1163 1385 1212 poetam
1415 1172 1489 1211 pro
1529 1159 1604 1200 loco
1646 1171 1692 1199 ac

224 1229 388 1275 tempore
414 1226 513 1263 scire
540 1225 633 1273 quid
659 1226 770 1266 dicat.
824 1224 880 1262 Of.
900 1225 1000 1263 Eun.
1020 1225 1108 1262 792.
1128 1226 1163 1262 2.

322 1286 368 1326 111
406 1286 471 1327 his
502 1289 683 1340 personis
722 1289 922 1340 imperitis,
962 1299 1064 1340 quae
1092 1288 1230 1329 vitiosa
1257 1288 1370 1329 verba
1396 1286 1564 1338 faciunt,
1595 1289 1690 1327 sunt

218 1352 380 1402 milites,
421 1352 572 1401 rustici,
613 1353 790 1403 parasiti.
854 1352 973 1391 Nullo
1015 1354 1154 1391 autem
1194 1352 1280 1391 loco
1324 1352 1598 1391 commentarii
1639 1351 1691 1390 ad

215 1414 424 1456 Menandri
450 1415 612 1456 fabulas
632 1415 768 1469 scripti
793 1416 836 1455 in
863 1416 938 1457 hoc
965 1429 1130 1457 numero
1160 1416 1266 1456 servi
1294 1428 1450 1469 quoque
1478 1415 1690 1456 habentur.

220 1480 323 1527 Quid
359 1480 531 1519 mirum‘?
560 1480 674 1519 Servi
709 1480 978 1519 Athenienses
1016 1483 1057 1519 et
1094 1481 1142 1531 ei,
1179 1481 1246 1531 qui
1282 1481 1324 1519 in
1358 1480 1563 1519 comoedia
1596 1480 1692 1519 socii

220 1545 342 1596 atque
385 1544 609 1596 paedagogi
650 1544 893 1596 epheborum
933 1544 1194 1595 inducuntur,
1238 1557 1320 1584 non
1366 1546 1464 1584 sunt
1507 1543 1690 1584 homines

216 1608 385 1659 impoliti
428 1612 501 1648 aut
540 1608 742 1658 ineruditi;
784 1608 824 1647 id
866 1609 970 1660 quod
1008 1609 1157 1660 optime
1193 1622 1269 1648 nos
1306 1608 1452 1648 docent
1488 1609 1593 1648 servi
1634 1608 1691 1647 illi

217 1672 259 1711 in
287 1672 435 1711 fabulis
464 1672 716 1712 Menandreis
752 1685 880 1724 nuper
914 1673 1091 1724 repertis.
1151 1672 1272 1712 Haud
1299 1672 1548 1712 mediocriter
1584 1673 1690 1711 enim

220 1735 467 1776 delectamur
501 1737 543 1775 in
566 1738 866 1785 Ἐπιτρεπόντων
903 1737 1141 1786 comoedia¹)
1179 1736 1312 1776 verbis
1347 1736 1505 1788 Syrisci,
1543 1736 1690 1788 quibus

218 1799 435 1851 crepundia
466 1800 657 1839 infantuli
685 1800 875 1840 Smicrine
904 1800 1054 1840 arbitro
1081 1801 1269 1852 reposcit;
1301 1813 1398 1839 nam
1427 1813 1500 1840 suo
1528 1800 1613 1839 iure
1642 1799 1690 1839 de

218 1863 376 1916 Syrisco
410 1863 553 1905 dicitur
580 1878 638 1904 vs.
662 1865 730 1904 19:
765 1866 942 1916 μετρίῳῖ)
973 1881 1013 1915 γε
1041 1866 1331 1916 συμπέπλεγμαι
1358 1867 1496 1916 ῥήτορι.
1551 1865 1690 1916 Neque

218 1928 444 1967 mirandum
481 1929 597 1967 nobis
635 1930 698 1967 est
734 1929 840 1980 quod
875 1929 981 1967 idem
1018 1942 1076 1968 vs.
1094 1930 1169 1968 108
1208 1929 1471 1980 Sophocleam
1508 1929 1690 1969 fabulam

216 1991 388 2042 respicit,
417 2005 492 2032 nec
511 1991 617 2044 quod
636 1991 848 2032 Onesimus
868 2006 1017 2033 servus.
1037 2006 1096 2033 vs.
1116 1993 1195 2033 525
1214 1992 1412 2045 Euripidis
1431 2006 1574 2033 versus
1596 2006 1689 2045 pro-

219 2056 392 2095 nuntiat.
454 2056 611 2096 Vitiosa
655 2057 776 2106 igitur
825 2058 949 2096 verba
996 2058 1104 2108 apud
1150 2057 1415 2096 Menandrum
1461 2057 1689 2096 invenimus

218 2129 432 2170 nusquam,
461 2119 532 2160 ubi
565 2120 765 2173 mancipia
791 2120 1021 2173 loquuntur,
1060 2134 1164 2173 quae
1200 2134 1263 2161 res
1291 2121 1440 2161 multos
1478 2133 1599 2173 saepe
1631 2122 1690 2161 ita

218 2180 333 2231 fugit,
373 2185 421 2221 ut
450 2184 498 2222 de
526 2185 653 2223 servis
682 2198 762 2224 non
790 2186 924 2224 minus
959 2185 1063 2224 salso
1091 2186 1316 2225 iudicarent
1344 2198 1466 2237 quam
1493 2186 1688 2236 interpres

218 2244 468 2285 Phormionis
498 2249 540 2287 et
566 2247 759 2300 Hecyrae,
800 2248 868 2299 qui
901 2261 1056 2288 summo
1090 2249 1239 2299 ingenii
1276 2249 1460 2289 acumine
1488 2248 1688 2288 illustrare

213 2307 383 2360 studuit,
427 2323 504 2362 quo
541 2312 659 2353 modo
690 2313 839 2353 vitiosa
870 2313 997 2353 verba
1029 2313 1265 2354 exhiberent
1297 2314 1417 2354 servi:
1459 2314 1529 2353 Ph.
1549 2314 1637 2353 249.
1653 2315 1687 2353 2.

322 2460 342 2501 ¹)
366 2460 451 2492 Utor
485 2461 570 2495 libro
606 2464 663 2506 qui
695 2464 899 2497 inscribitur:
936 2464 1140 2497 Menandrea
1173 2476 1214 2497 ex
1251 2465 1384 2507 papyris
1421 2467 1456 2498 et
1487 2465 1688 2497 membranis

217 2512 453 2545 vetustissimis
476 2515 527 2547 ed.
541 2515 625 2549 Alfr.
641 2517 777 2550 Koerte.
821 2517 952 2560 Lipsiae
974 2517 1108 2550 MCMX.
1141 2533 1144 2535 v

322 2567 343 2608 ²)
365 2567 486 2607 μετρίῳ
517 2567 668 2603 ‘minime
700 2570 861 2614 imperito’
898 2571 939 2605 cf.
963 2571 994 2604 J.
1018 2581 1050 2605 ν.
1072 2572 1238 2604 Leeuwen
1271 2572 1330 2605 1,1.
1359 2582 1388 2614 p.
1405 2571 1447 2605 20
1462 2571 1552 2611 adn.;
1592 2571 1630 2605 U.
1648 2571 1689 2604 de

217 2620 442 2653 Wilamowitz
464 2631 542 2654 nov.
565 2633 642 2656 ann.
659 2624 738 2666 phil.
750 2624 830 2657 XXI
846 2625 929 2658 1908
950 2635 982 2667 Ρ.
998 2624 1037 2657 51
1061 2625 1136 2658 adn.
1222 2629 1224 2631 '
