2118 3040
244 313 434 354 Conferas
463 325 566 364 quae
590 313 697 351 idem
717 312 936 352 scholiasta
955 313 1004 352 de
1023 325 1173 352 scaena
1191 325 1273 351 non
1293 313 1539 351 Menandrea
1558 313 1726 363 exponit

242 378 343 417 Don.
362 376 483 416 Andr.
503 377 592 416 301.
614 378 647 416 1.
666 378 702 418 3.

349 440 414 480 Ad
433 453 621 481 scaenam
640 441 687 481 V.
706 442 732 480 6
760 441 1044 481 Terentianam
1063 454 1159 481 vero
1185 440 1280 480 dicit
1300 441 1519 480 scholiasta
1547 441 1648 489 (965.
1666 442 1722 489 1):

242 507 288 545 in
314 506 382 545 hoc
408 510 497 546 actu
523 507 626 546 mira
654 510 737 546 arte
764 520 820 556 ea,
848 520 946 556 quae
972 510 1121 547 restant
1157 506 1203 546 de
1229 506 1430 555 comoedia,
1467 506 1627 546 breviter
1654 519 1721 545 ex-

236 570 437 620 plicantur
464 574 500 610 et
526 571 783 621 designantur
810 571 980 611 duarum
1006 584 1182 611 sororum
1209 570 1324 610 binae
1350 570 1520 620 nuptiae.

349 633 434 672 Iam
462 632 513 672 ad
541 633 664 673 finem
694 633 870 673 Andriae
904 634 1178 685 pervenimus:
1215 634 1385 684 legimus
1413 634 1455 673 in
1483 646 1721 672 scaenarum

241 696 576 736 Menandrearum
605 698 890 737 commentario
929 698 1190 737 scholiastam
1219 697 1417 737 Graecum
1447 697 1622 747 dignum,
1653 697 1720 748 qui

242 760 450 801 Menandri
477 761 659 801 fabulam
686 761 872 812 illustret,
908 762 960 802 ad
987 763 1063 802 has
1091 765 1229 802 autem
1257 775 1428 802 scaenas
1457 762 1721 802 Terentianas

246 825 290 864 V.
310 826 335 864 5
364 828 406 864 et
425 826 450 864 6
479 825 738 866 scholiastam
766 826 994 866 Romanum
1021 828 1184 866 tantum
1211 840 1237 866 a
1255 826 1408 866 Graeco
1437 827 1719 866 abhorrentem

242 892 441 941 quantum
470 889 682 929 Terentius
711 889 838 930 distat
865 904 891 930 a
917 890 1138 930 Menandro
1166 892 1296 942 poeta.

351 954 409 993 De
446 954 600 993 Andria
635 954 797 994 Terenti
834 957 876 994 et
917 954 1126 994 Menandri
1167 954 1287 1006 paulo
1324 954 1521 1005 longiores
1559 955 1720 994 fuimus.

242 1018 425 1066 Agedum
453 1017 574 1057 aliam
611 1018 794 1057 fabulam
822 1018 1110 1058 Menandream
1138 1031 1229 1057 cum
1257 1031 1406 1058 scaena
1442 1019 1618 1069 quadam
1645 1018 1719 1056 Di-

241 1080 339 1132 phili
365 1080 530 1121 fabulae
560 1082 878 1122 contaminatam
907 1082 1194 1132 aggrediamur.

861 1255 1096 1306 Adelphoe.

348 1339 431 1378 Iam
461 1339 510 1378 de
537 1340 666 1391 prima
685 1352 834 1379 scaena
853 1340 1098 1380 Terentiana
1117 1341 1191 1380 viri
1219 1340 1326 1379 docti
1344 1341 1479 1379 varias
1505 1343 1721 1379 moverunt

243 1404 518 1453 cogitationes.
560 1405 694 1455 Atque
718 1404 909 1444 Varronis
938 1404 1098 1456 quidem
1125 1405 1315 1444 iudicium
1344 1403 1452 1456 apud
1481 1404 1716 1444 Suetonium

242 1468 341 1516 (vita
370 1468 541 1518 Terenti)
571 1467 768 1507 habemus
797 1469 889 1508 hoc:
916 1483 1010 1509 nam
1036 1470 1295 1519 Adelphorum
1316 1470 1559 1519 principiam
1594 1470 1718 1508 Varro

240 1534 356 1572 etiam
387 1533 562 1582 praefert
591 1534 788 1583 principio
816 1535 1047 1582 Menandri,
1086 1533 1231 1585 quibus
1260 1533 1393 1573 verbis
1432 1532 1613 1584 perducti
1640 1533 1716 1572 viri

243 1595 349 1636 docti
387 1596 536 1648 aliquid
573 1596 861 1636 Menandreum
898 1611 924 1637 a
961 1597 1147 1637 Terentio
1184 1598 1388 1637 mutatum
1431 1609 1520 1636 esse
1563 1596 1716 1648 opinati

241 1663 347 1700 sunt.
421 1663 476 1700 At
521 1661 648 1700 multo
696 1662 855 1700 cautius
897 1661 1096 1711 agendum
1138 1662 1254 1701 nobis
1302 1674 1391 1700 esse
1434 1674 1455 1700 e
1497 1660 1717 1710 Vahleni1)

239 1725 374 1764 verbis
414 1724 648 1776 collegerim,
688 1726 831 1778 quippe
869 1726 937 1777 qui
970 1739 1046 1765 usu
1083 1728 1205 1765 ‘nam’
1246 1725 1467 1778 particulae
1506 1726 1716 1777 perstricto

240 1802 366 1828 unum
394 1802 482 1829 esse
522 1791 813 1829 sententiarum
850 1792 1030 1829 tenorem
1067 1790 1143 1829 loci
1180 1790 1418 1829 Suetoniani
1453 1802 1585 1841 neque
1619 1792 1717 1828 ante

239 1852 371 1892 locum
407 1855 515 1893 ‘nam
554 1853 825 1906 Adelphorum
862 1854 1096 1906 principium
1131 1856 1219 1905 eqs?
1258 1856 1415 1906 partem
1450 1854 1716 1906 interceptam

240 1930 329 1957 esse
376 1918 624 1958 demonstret
675 1920 791 1958 caute
839 1919 896 1958 sic
948 1931 1147 1959 summam
1194 1918 1440 1959 sententiam
1491 1918 1716 1970 explicans:

238 1984 349 2022 ‘nam
396 1982 444 2022 de
490 1982 684 2035 Adelphis
726 1984 916 2023 Varronis
961 1984 1085 2023 etiam
1131 1983 1380 2035 praeclarum
1425 1983 1557 2023 laudis
1597 1984 1715 2023 testi-

239 2047 419 2087 monium
438 2050 597 2087 exstat’.
645 2047 773 2096 Quam
791 2049 834 2087 in
853 2049 988 2088 verbis
1013 2048 1212 2088 Varronis*
1234 2047 1458 2088 tractandis
1486 2048 1715 2088 cautionem

240 2111 309 2163 qui
337 2113 379 2151 et
407 2114 503 2151 ante
533 2113 575 2151 et
611 2115 703 2164 post
730 2112 960 2152 Vahlenum
988 2112 1254 2163 neglexerunt
1280 2113 1353 2152 viri
1394 2112 1511 2162 docti,
1543 2112 1660 2162 longe
1689 2125 1716 2151 a

240 2188 334 2215 vero
367 2176 672 2227 aberraverunt3
708 2176 871 2226 fugiunt
907 2177 1013 2216 enim
1051 2190 1126 2216 nos
1163 2178 1340 2217 rationes
1377 2177 1480 2227 illae,
1509 2190 1530 2216 e
1569 2177 1714 2229 quibus

238 2239 399 2279 Reatini
427 2239 616 2280 iudicium
645 2243 708 2279 est
741 2243 884 2281 ortum.
939 2241 1019 2281 Sed
1056 2254 1145 2280 cum
1182 2241 1346 2290 longum
1385 2242 1438 2280 sit
1475 2242 1715 2291 argumenta

239 2302 447 2344 doctorum
457 2306 484 2354 ²)
513 2318 757 2357 percensere,
787 2306 963 2345 breviter
980 2306 1096 2345 nobis
1115 2305 1246 2355 liceat,
1277 2306 1466 2357 quoniam
1486 2305 1534 2345 de
1553 2305 1713 2344 Donato

348 2421 368 2463 ¹)
392 2422 462 2456 lnd.
479 2422 555 2455 lect.
572 2423 702 2455 hibern.
725 2423 835 2456 Berol.
850 2423 991 2464 1883184
1012 2433 1043 2465 p.
1056 2423 1077 2455 5
1091 2437 1135 2449 =
1149 2423 1317 2465 Opuscula
1331 2422 1559 2455 Academical
1581 2422 1714 2464 Lipsiae

239 2473 323 2507 1907
370 2502 377 2509 .
460 2501 466 2509 .

346 2486 369 2569 ξ))
393 2476 591 2562 {tinentiae
619 2530 652 2563 C.
669 2530 705 2562 F.
721 2530 902 2562 Hermanni
921 2529 1129 2572 ‘Disputatio
1160 2531 1191 2563 d.
1215 2530 1252 2562 P.
1276 2530 1410 2563 Terenti
1440 2528 1613 2571 Adelphis’
1640 2529 1713 2563 [nd.

238 2580 314 2613 lect.
337 2581 439 2615 Acad.
456 2583 622 2625 Marburg.
648 2583 740 2622 1838,
772 2584 828 2625 qui
856 2593 1012 2616 scaenam
1038 2584 1179 2626 primam
1209 2584 1380 2615 Menandri
1409 2583 1513 2615 fuisse
1542 2583 1713 2624 dialogum

237 2634 325 2666 inter
334 2634 454 2676 Syrum
470 2638 505 2668 et
519 2637 696 2669 Micionem
711 2637 872 2676 affirmat,
887 2636 1090 2669 refellendae
1104 2637 1314 2679 supersedeo,
1332 2647 1406 2668 cum
1420 2636 1571 2668 adhiberi
1582 2636 1715 2678 possint
