2118 3040
285 294 522 333 teneamus:
568 293 603 332 si
641 293 737 345 quid
773 293 817 333 in
853 293 917 333 his
953 293 1104 334 fabulis
1141 292 1361 333 adnotatur
1398 293 1448 333 de
1482 307 1632 335 scaena
1670 295 1773 344 tota,

286 356 363 396 hoc
390 356 625 409 plerumque
644 359 862 410 praecepta
880 359 1086 398 oratorum
1104 358 1267 398 redolet.
1312 356 1425 397 Haec
1452 360 1590 398 autem
1619 357 1773 399 scholia

285 420 487 460 rhetorica
533 434 692 473 semper
736 421 820 461 fere
873 422 915 461 in
956 421 1313 473 Apollodorearum
1360 433 1600 461 scaenarum
1645 422 1772 462 initiis

284 487 512 535 occurrunt,
541 484 745 526 nonnullis
758 487 783 535 ¹)
813 486 977 524 tantum
1008 485 1358 526 Menandrearum.

393 624 546 673 Quibus
566 624 785 676 perspectis
799 623 986 664 Donatus
1005 623 1122 664 nobis
1141 637 1186 664 se
1205 626 1390 676 praestat
1403 637 1507 675 eum,
1528 624 1596 676 qui
1610 636 1772 677 semper

285 687 434 739 studet,
472 690 520 728 ut
555 687 707 739 aliquid
745 688 794 728 de
823 690 915 728 tota
942 701 1093 729 scaena
1119 687 1299 740 adnotet,
1338 688 1409 729 sed
1439 688 1488 729 de
1515 688 1771 729 Menandreis

283 754 447 792 tantum
482 753 642 792 scaenis
680 753 856 804 optimus
892 752 1140 803 intellegitur
1177 765 1267 793 esse
1305 752 1437 793 iudex.
1506 752 1668 793 Eminet
1704 752 1770 792 hic

283 815 443 867 quidem
490 818 783 856 commentator
819 817 1068 857 aestheticus
1113 818 1220 856 inter
1264 816 1504 857 scholiastae
1546 817 1767 867 Romanos,

280 892 378 919 nam
428 881 547 932 pauci
598 880 699 920 talia
745 879 1057 920 adnotaverunt.
1119 881 1224 929 Quin
1280 881 1405 920 etiam
1455 894 1481 920 a
1531 880 1672 920 Servio
1723 881 1766 919 in

282 946 509 985 commento
536 944 751 986 Bucolicon
781 944 830 985 de
859 957 1020 985 summa
1047 945 1275 996 eclogarum
1309 944 1488 985 scholion
1516 944 1696 998 plurimis
1723 944 1766 984 in

280 1009 406 1048 initiis
434 1021 518 1048 non
546 1007 719 1060 additur,
752 1009 999 1060 adscriptum
1028 1012 1166 1049 autem
1194 1012 1258 1049 est
1285 1011 1342 1049 eis
1370 1011 1534 1049 tantum
1560 1010 1659 1049 locis
1688 1010 1764 1058 (in-

278 1074 476 1114 ducuntur
512 1095 566 1101 —
602 1075 794 1124 continet),
842 1073 988 1126 quibus
1025 1072 1224 1124 Vergilius
1263 1075 1305 1112 in
1341 1072 1524 1123 vestigiis
1562 1072 1768 1112 Theocriti

279 1137 441 1177 institit.
486 1136 551 1176 Ad
579 1137 700 1177 huius
727 1137 867 1190 idyllia
895 1151 1052 1190 semper
1079 1137 1162 1178 fere
1192 1137 1344 1178 scholia
1370 1138 1601 1189 interpretis
1622 1136 1765 1177 Graeci

282 1201 330 1239 de
369 1213 540 1251 Summa,
569 1203 803 1245 ’ὕποθέσειξ
840 1203 1089 1252 (διαλέγονται
1125 1224 1177 1229 -
1214 1202 1423 1252 ὑπόκειται)
1462 1201 1670 1251 leguntur,
1714 1200 1767 1239 ad

280 1264 432 1315 Vergili
469 1265 648 1305 carmina
684 1267 774 1305 tum
811 1265 1100 1315 desiderantur,
1139 1279 1229 1306 cum
1249 1266 1449 1316 Vergilius
1483 1279 1505 1305 e
1534 1278 1608 1305 suo
1635 1265 1763 1317 ipsius

280 1341 389 1379 penu
416 1329 563 1368 haurit.
602 1330 714 1377 Quae
735 1341 825 1368 cum
844 1331 904 1368 ita
923 1330 1017 1378 sint,
1045 1330 1163 1368 facile
1191 1330 1438 1380 perspicitur,
1467 1329 1574 1368 unde
1592 1329 1694 1368 haec
1713 1328 1767 1367 ad

282 1392 503 1443 Vergilium
518 1392 719 1433 adnotata
736 1393 983 1434 ‘aesthetica'
1002 1393 1239 1446 deprompta
1258 1394 1340 1433 sint
1360 1395 1402 1433 et
1421 1406 1490 1433 cur
1507 1406 1590 1433 non
1609 1405 1767 1444 semper

281 1457 557 1496 inveniantur:
596 1456 818 1497 scholiasta
855 1458 963 1497 enim
990 1458 1211 1506 Romanus,
1247 1458 1434 1508 quotiens
1454 1457 1652 1506 Vergilius
1681 1469 1762 1495 non

281 1521 463 1572 sequitur
504 1520 772 1572 Theocritum,
817 1534 861 1560 se
899 1521 1100 1574 applicare
1138 1534 1220 1561 non
1256 1521 1391 1573 potuit
1423 1519 1476 1561 ad
1517 1519 1724 1561 Graecum.
1735 1521 1765 1570 ²)

281 1584 530 1624 Scholiastas
568 1584 743 1624 Graecos
783 1588 922 1625 autem
959 1586 1187 1625 aesthetica
1215 1585 1415 1637 quaedam
1453 1584 1601 1624 iudicia
1635 1597 1765 1636 eaque

279 1661 361 1687 non
397 1648 538 1700 inepta
573 1661 767 1700 persaepe
805 1648 993 1688 attulisse
1029 1650 1135 1688 inter
1161 1649 1269 1688 viros
1303 1648 1443 1688 doctos
1475 1648 1551 1688 hoc
1584 1650 1765 1699 tempore

279 1714 451 1752 constat.
505 1712 612 1752 Nam
659 1713 807 1752 abhinc
852 1715 935 1753 tres
982 1726 1112 1753 annos
1158 1713 1206 1752 H.
1241 1713 1481 1753 Steinmann
1534 1712 1623 1762 (LI.)
1670 1714 1766 1764 post

279 1776 690 1828 Trendelenburgium
701 1778 728 1827 ⁸)
768 1777 817 1817 de
851 1777 1011 1818 scholiis
1041 1777 1206 1818 Graecis
1235 1777 1434 1827 disseruit,
1473 1789 1562 1817 cum
1601 1776 1764 1817 scholiis

279 1841 330 1880 ad
358 1844 502 1893 poetas
531 1843 703 1892 tragicos
732 1841 908 1882 Graecos
937 1845 978 1882 et
996 1843 1238 1882 Donatianis
1266 1842 1318 1881 ad
1346 1842 1578 1882 Terentium
1606 1841 1763 1882 collatis

279 1906 451 1945 eandem
493 1919 582 1945 esse
624 1906 874 1958 disciplinam
913 1906 1084 1946 doceret.
1155 1907 1281 1955 Quem
1323 1905 1485 1957 quidem
1525 1905 1649 1955 fugit,
1691 1906 1762 1945 ubi

278 1971 617 2009 commentatores
646 1970 858 2010 aesthetiei
886 1971 1140 2023 potissimum
1159 1970 1447 2019 invenirentur,
1477 1969 1661 2022 idemque
1681 1982 1763 2009 non

276 2034 483 2085 perspexit
510 2034 585 2074 hos
613 2034 867 2084 scholiastas,
906 2038 953 2074 ut
988 2035 1102 2075 illum
1130 2035 1399 2074 aestheticum
1427 2034 1480 2074 ad
1507 2034 1670 2074 Terenti
1696 2034 1760 2073 fa-

277 2097 395 2137 bulas
414 2097 691 2149 Menandreas,
720 2099 780 2138 ita
808 2099 1049 2138 scholiastas
1078 2099 1323 2138 aestheticos
1343 2098 1394 2137 ad
1413 2099 1586 2153 tragicos
1605 2099 1760 2150 poetaS,

274 2162 469 2213 imprimis
499 2164 541 2201 in
571 2163 729 2202 scaenis
757 2163 993 2204 ineuntibus
1030 2163 1212 2203 inveniri.
1268 2163 1409 2214 Itaque
1438 2164 1621 2202 nostrum
1650 2174 1760 2201 nunc

275 2292 486 2333 coynitionem
519 2302 632 2324 rerum
665 2294 695 2324 ct
728 2291 951 2332 καταστροφήν
980 2292 1122 2333 fabulae.
1167 2291 1449 2333 Hec.1v.4(623.
1465 2291 1493 2333 1)
1507 2315 1600 2324 .....
1623 2290 1760 2323 ultimus

276 2355 370 2378 error
392 2348 448 2384 eet,
470 2345 596 2378 vicinus
617 2350 834 2386 καταστροφῇ.
879 2345 959 2377 Hec.
972 2345 1012 2377 V.
1025 2345 1046 2377 3
1061 2344 1144 2387 (799,
1156 2344 1187 2387 3)
1205 2371 1211 2378 .
1226 2371 1233 2378 .
1247 2369 1254 2378 .
1268 2371 1276 2378 .
1299 2344 1504 2385 καταστροφή
1522 2344 1644 2387 populo
1666 2354 1761 2386 expo-

274 2401 406 2492 'mur-²,
429 2452 517 2485 Don.
533 2452 636 2485 Andr.
652 2453 677 2485 I.
687 2452 718 2485 5.
733 2453 749 2484 1
775 2452 872 2494 (236),
895 2453 934 2486 ΙΙ.
947 2453 968 2484 3
991 2452 1085 2495 (375),
1101 2452 1140 2486 V.
1156 2451 1171 2485 1
1197 2451 1291 2494 (820),
1306 2451 1346 2486 V.
1359 2452 1381 2484 3
1403 2451 1496 2493 (872).

382 2506 404 2545 2)
428 2505 465 2537 In
487 2508 682 2537 transcursu
704 2506 792 2538 hanc
814 2506 1047 2548 quaestionem
1069 2506 1223 2547 attigisse
1247 2505 1329 2538 mihi
1351 2507 1406 2538 sat
1428 2507 1490 2538 est.

381 2559 403 2598 3)
423 2557 742 2592 ‘Grammaticorum
775 2559 978 2592 Graecorum
1015 2559 1057 2592 de
1085 2561 1159 2592 arte
1191 2558 1322 2602 tragica
1353 2558 1554 2592 iudiciorum
1586 2557 1758 2602 reliquiae’

272 2612 413 2645 Bonnae
439 2612 532 2646 1867.
