2118 3040
364 297 482 337 Don.
509 296 627 338 Eun.
652 297 741 337 342.
762 298 797 337 2.
825 299 1021 339 moraliter
1047 303 1103 349 τῷ
1130 300 1330 348 ἀστεϊσμῷ.
1383 297 1531 337 Narrat
1559 297 1737 337 Chaerea

257 360 494 400 adulescens
533 361 775 401 Parmenoni
816 374 948 411 servo,
992 362 1188 414 quomodo
1232 375 1276 401 se
1318 374 1443 400 senex
1485 361 1647 413 quidam
1685 362 1737 400 sit

255 427 447 475 moratus,
484 427 532 465 ut
558 425 752 476 virginem
787 424 1104 477 pulcherrimam,
1144 438 1267 478 quam
1305 428 1550 476 sequeretur,
1589 439 1611 464 e
1641 437 1736 464 con-

256 490 397 539 spectu
438 489 656 539 amitteret3
698 489 858 538 roganti
890 489 1039 537 iuveni,
1082 501 1180 528 num
1218 488 1314 541 quid
1351 488 1450 527 velit
1491 501 1628 537 senex,
1671 487 1736 527 ille

251 553 387 593 ‘recte'
426 552 650 606 respondet.
716 552 780 593 Ad
816 553 892 594 hoc
928 556 1065 594 autem
1102 553 1270 594 verbum
1308 551 1480 593 adnotat
1517 551 1737 593 scholiasta

254 619 451 658 ‘moraliter
486 623 542 668 τῷ
578 620 770 668 ἀστεϊσμῷ
808 617 868 666 (cf.
895 618 1155 657 Cocondrium
1182 618 1207 656 l.
1226 618 1250 657 l.
1288 619 1383 667 μετά
1419 632 1516 660 τινος
1551 619 1735 667 ἠθικῆς

255 683 519 734 ὑποκρίσεως),
550 684 674 734 atque
701 681 743 722 id
771 682 921 734 optimo
949 683 1046 733 iure,
1085 694 1181 722 nam
1200 680 1299 721 illud
1327 683 1475 732 ‘recte’,
1507 680 1613 733 quod
1642 680 1737 721 dicit

255 746 496 786 Parmenoni
525 759 662 796 senex,
701 745 812 784 nullo
841 746 958 785 modo
987 746 1039 785 ad
1068 758 1173 795 eum,
1212 746 1281 797 qui
1308 758 1371 785 res
1408 746 1602 785 adversas
1639 757 1736 784 suas

253 812 403 861 narrat,
431 810 616 863 quadrat,
657 810 728 850 sed
759 815 815 860 τῷ
851 812 1051 862 ἀστεϊσμῷ,
1089 812 1265 861 εἰρωνείᾳ
1306 811 1368 861 ἐφ’
1400 811 1547 860 ἑαυτόν,
1590 809 1735 862 repetit

256 874 493 915 adulescens
521 875 598 915 hoc
616 875 785 914 verbum
814 875 889 914 sibi
916 889 942 915 a
970 888 1066 915 sene
1094 874 1162 914 illo
1190 876 1340 926 puncto
1369 875 1559 926 temporis
1579 873 1732 923 datum,

257 952 349 978 cum
376 939 552 990 pueHam
581 952 631 978 ex
660 938 785 978 oculis
813 939 958 978 amisit.

361 1003 477 1045 Don.
505 1002 623 1044 Eun.
649 1003 793 1044 2741.
838 1003 1046 1045 Parasitus
1080 1001 1244 1044 Gnatho
1283 1002 1335 1044 ad
1373 1001 1566 1044 Thaidem
1603 1015 1732 1044 mere-

253 1068 392 1106 tricem
424 1068 536 1106 ducit
572 1067 748 1118 puellam
790 1067 1106 1118 pulcherrimam,
1154 1079 1303 1105 munus
1344 1067 1401 1105 illi
1444 1067 1733 1116 gratissimum;

253 1133 351 1172 ante
393 1131 555 1172 domum
597 1130 761 1171 Thaidis
797 1131 1089 1172 Parmenonem
1131 1144 1293 1172 servum
1331 1129 1553 1171 Phaedriae
1595 1130 1732 1171 rivalis

253 1196 384 1236 offert.
440 1196 567 1243 Quem
604 1208 694 1234 cum
732 1195 830 1234 velit
867 1198 1022 1245 ‘urere',
1061 1197 1283 1248 interrogat
1319 1196 1404 1234 ‘sed
1442 1196 1537 1246 quid
1574 1194 1734 1234 videtur

252 1259 328 1300 hoc
356 1259 430 1299 tibi
457 1259 715 1312 mancupium
726 1262 774 1310 9’,
805 1259 954 1300 donum
982 1272 1101 1299 suum
1121 1261 1219 1299 ‘non
1246 1259 1397 1300 malum
1425 1258 1571 1299 hercle'
1601 1261 1731 1298 ‘man-

252 1324 427 1376 cupium’
467 1323 563 1364 dicit
598 1323 766 1376 ideoque
803 1325 888 1376 ipse
918 1336 961 1363 se
988 1323 1129 1363 illudit.
1185 1324 1309 1363 Recte
1337 1324 1459 1373 igitur
1492 1323 1731 1363 scholiasta:

251 1390 475 1433 ταπείνωσις
497 1393 553 1439 τῷ
579 1390 786 1440 ἀστεϊσμῷ,
815 1388 892 1429 hoc
917 1388 1024 1428 enim
1042 1388 1128 1429 loco
1148 1387 1186 1429 id
1208 1390 1288 1440 est,
1310 1388 1416 1441 quod
1435 1388 1480 1429 R.
1500 1387 1733 1429 Volkmann

257 1453 370 1504 „eine
399 1454 558 1503 witzige
588 1454 871 1493 Selbstironie“
903 1454 1096 1493 nominat.

358 1517 474 1557 Eun.
498 1518 583 1558 123.
605 1519 638 1557 1.
678 1520 874 1567 εἰρωνείαν
912 1520 974 1568 ἐφ’
1012 1519 1148 1557 ἑαυτόν
1186 1518 1353 1556 subesse
1392 1518 1629 1557 aestimator
1664 1517 1729 1556 ille

251 1581 499 1620 aestheticus
526 1581 691 1621 fabulae
721 1582 869 1633 optimo
897 1581 982 1620 iure
1011 1583 1158 1621 censet.
1200 1580 1305 1620 Nam
1333 1583 1380 1620 ut
1408 1580 1497 1620 aliis
1525 1581 1622 1620 locis
1646 1580 1729 1620 Eu-

251 1645 372 1685 nuchi
407 1645 571 1685 fabulae
607 1646 728 1685 etiam
762 1659 820 1685 vs.
843 1646 918 1685 123
947 1645 1151 1685 moraliter
1189 1659 1233 1684 se
1266 1645 1352 1696 ipse
1381 1645 1556 1684 comicus
1585 1658 1728 1685 servus

251 1708 446 1748 Parmeno
474 1708 623 1749 illudit:
653 1709 754 1748 dixit
781 1709 968 1749 meretrix
997 1709 1120 1748 Thais
1148 1722 1206 1748 vs.
1229 1709 1316 1749 119.
1334 1709 1429 1748 120:

357 1785 429 1822 ego
458 1786 550 1813 cum
576 1774 654 1824 illo,
683 1787 854 1826 quocum
881 1776 970 1813 tum
998 1786 1079 1813 uno
1108 1786 1192 1813 rem
1210 1773 1412 1813 habebam
1440 1773 1611 1825 hospite,

357 1837 438 1876 abii
465 1836 559 1877 huc:
588 1838 657 1890 qui
684 1837 781 1877 mihi
808 1837 969 1890 reliquit
995 1837 1097 1877 haec
1125 1850 1229 1890 quae
1258 1837 1387 1877 habeo
1417 1838 1562 1878 omnia.

251 1905 293 1940 et
319 1901 535 1953 respondet
562 1902 760 1942 Parmeno
790 1905 838 1951 (v.
861 1903 967 1952 121):

356 1964 580 2017 Vtrumque
608 1966 685 2007 hoc
711 1966 916 2006 falsumst:
946 1966 1104 2006 ecfluet.
1140 1966 1220 2006 TH.
1250 1966 1324 2015 Qui
1351 1966 1488 2006 istuc?
1517 1966 1596 2006 PA.
1626 1966 1728 2015 Quia

357 2042 487 2081 neque
514 2032 562 2069 tu
590 2043 670 2070 uno
700 2044 789 2071 eras
819 2032 1012 2070 contenta
1039 2043 1170 2082 neque
1199 2031 1309 2070 solus
1338 2030 1462 2070 dedit:

355 2106 452 2132 nam
480 2094 544 2133 hic
572 2107 731 2147 quoque
759 2096 909 2135 bonam
936 2108 1205 2147 magnamque
1232 2097 1389 2146 partem
1423 2095 1475 2135 ad
1509 2097 1549 2135 te
1579 2095 1726 2135 attulit.

249 2157 463 2208 Magnifice
492 2170 535 2197 se
563 2158 690 2198 iactat
718 2172 859 2198 servus
879 2162 922 2199 et
941 2159 1063 2208 digito
1084 2172 1127 2199 se
1146 2160 1231 2211 ipse
1252 2158 1430 2198 ostendit
1450 2159 1526 2208 (hic
1536 2160 1568 2209 ἔ).
1603 2159 1726 2199 Recte

251 2225 388 2263 autem
402 2221 507 2273 dicit,
528 2235 623 2263 nam
644 2226 691 2264 ut
711 2237 852 2264 servus
866 2224 1127 2264 Parmenonis
1141 2236 1333 2276 persaepe
1349 2223 1456 2264 dona
1476 2225 1527 2264 ad
1542 2226 1725 2264 meretri-

250 2299 336 2326 cem
355 2286 495 2325 attulit
513 2287 636 2337 atque
656 2288 854 2327 allaturus
874 2290 938 2327 est
952 2288 1025 2336 (ΙΠ.
1041 2289 1088 2337 2),
1109 2288 1179 2326 sed
1194 2299 1235 2326 re
1251 2301 1350 2327 vera
1364 2300 1443 2327 non
1466 2290 1530 2327 est
1545 2288 1725 2327 donator.

249 2351 368 2391 Iuvat
404 2362 478 2390 nos
514 2349 673 2391 facetus
715 2352 781 2392 ifle
819 2352 1017 2392 Parmeno
1056 2352 1141 2404 ipse
1180 2364 1224 2392 se
1265 2351 1438 2392 illudens
1479 2352 1542 2392 his
1580 2352 1723 2402 verbis,

250 2416 395 2467 quibus
431 2415 644 2463 restinguit
679 2416 849 2455 verbum
885 2417 983 2456 illud
1022 2417 1208 2456 acerbum
1247 2419 1390 2467 ‘neque
1432 2418 1478 2455 tu
1515 2429 1596 2455 uno
1635 2429 1724 2455 eras

250 2481 442 2522 contenta
460 2491 589 2531 neque
618 2479 729 2520 solus
758 2480 896 2522 dedit’.
941 2481 1045 2521 Huic
1070 2481 1156 2521 ioco
1185 2480 1395 2521 subridens
1414 2480 1569 2533 placido
1589 2481 1724 2521 animo

249 2544 436 2585 meretrix
455 2543 669 2596 respondet
687 2545 826 2586 ‘itast'.
873 2545 957 2586 Nec
980 2548 1118 2586 tamen
1138 2559 1289 2596 omnes,
1320 2546 1388 2598 qui
1406 2545 1591 2596 legerunt
1617 2546 1725 2586 hunc

249 2610 381 2650 locum
395 2612 624 2656 venustum,
655 2615 939 2659 cognoverunt,
971 2610 1066 2662 quid
1096 2611 1171 2650 sibi
1195 2611 1319 2650 vellet
1346 2614 1469 2663 poeta
1497 2611 1550 2659 (in
1579 2611 1724 2663 quibus
