2118 3040
904 165 1173 202 -12—

409 270 480 311 Ph.
503 273 534 312 Ι.
552 272 572 310 1
605 272 680 320 (35.
694 272 730 320 1)
758 273 859 320 quod
899 273 943 311 in
985 272 1164 311 omnibus
1199 272 1281 321 fere
1317 272 1527 321 comoediis,
1568 272 1613 311 in
1646 270 1784 320 quibus

301 337 490 387 perplexa
518 340 750 388 arqumenta
777 339 883 386 sunt,
918 335 1006 384 fieri
1031 336 1132 386 solet,
1167 335 1210 375 id
1236 336 1282 375 in
1308 335 1382 375 hac
1407 348 1555 386 quoque
1585 334 1783 376 Terentius

308 405 448 451 servat,
476 404 521 441 ut
547 401 776 450 προτατικὸν
803 401 1025 450 πρόσωπον,
1054 401 1079 439 i.
1099 413 1127 439 e.
1150 413 1180 450 p
1189 413 1268 440 ers
1277 413 1299 440 o
1308 413 1336 439 n
1346 413 1372 440 a
1382 413 1422 439 m
1455 404 1566 440 extr
1575 413 1601 440 a
1629 413 1685 440 ar
1693 413 1752 447 ,qu
1762 421 1782 427 -

310 469 545 514 mentum,
574 466 806 515 inducat3
835 464 899 504 cui
925 465 1017 504 dum
1054 464 1098 503 ob
1124 464 1193 504 hoc
1219 464 1358 514 ipsum,
1386 466 1486 513 quod
1512 465 1628 505 veluti
1655 464 1783 504 aliena

307 527 378 583 (a)
406 533 485 569 tota
511 529 647 580 fabula
674 533 740 579 est,
773 543 835 569 res
860 533 967 580 qesta
994 533 1197 578 narratur,
1234 529 1357 568 discat
1381 530 1550 578 populus
1577 533 1722 569 textum
1750 532 1786 568 et

309 594 588 634 continentiam
614 606 746 633 rerum
773 594 897 643 sitque
923 593 1136 632 instriwtus
1162 594 1214 632 ad
1241 596 1374 632 cetera.

415 657 510 697 Hec.
537 657 617 697 1.1
652 657 787 706 (58.1)
829 671 953 697 novo
993 670 1177 709 yenere
1211 657 1274 698 hic
1304 661 1471 707 utraque
1506 657 1784 706 προτατικὰ

309 722 559 770 πρόσωπα
588 722 932 772 inducuntur,
969 735 1063 761 nam
1096 725 1133 761 et
1159 721 1322 762 Raaotis
1348 725 1383 761 et
1411 722 1515 773 Syra
1542 733 1640 761 non
1660 733 1784 771 per-

311 787 482 827 tinent
510 788 570 827 ad
597 799 839 838 arqumen
851 791 953 827 tum
976 786 1145 836 fabulae.
1185 786 1253 826 hoc
1280 791 1409 827 autem
1426 786 1566 827 maluit
1587 786 1787 826 Terentius

312 863 430 900 quam
471 854 559 890 aut
594 864 688 901 per
720 853 986 902 proloyum
1022 854 1268 890 narraret
1304 853 1658 902 argumentum
1698 853 1785 889 aut

306 915 339 953 θ
355 914 439 952 εὸν
469 915 565 953 ἀπὸ
583 919 818 965 μηχανῆς
845 916 1116 956 induceret
1142 914 1283 964 loqui
1307 913 1426 966 (quod
1440 914 1586 965 repetit
1599 912 1720 952 schol.
1736 913 1785 962 2).

413 978 521 1027 Quos
561 977 613 1018 ad
649 978 756 1018 locos
793 978 1024 1018 fabularum
1051 977 1407 1030 Apollodorearum
1443 977 1634 1018 adsumas
1669 976 1784 1017 scho-

306 1042 484 1092 liastam,
525 1043 590 1095 qui
626 1043 679 1082 ad
707 1056 895 1083 scaenam
926 1046 957 1084 Ι.
974 1045 994 1082 1
1026 1044 1344 1083 conta-minatam
1371 1043 1547 1082 Andriae
1575 1042 1784 1082 adscribit:

417 1107 518 1146 Don.
532 1107 655 1146 Andr.
675 1109 706 1148 I.
724 1109 745 1146 1
777 1108 851 1157 (28.
867 1108 904 1158 2)
941 1109 1031 1148 haec
1063 1121 1204 1148 scaena
1224 1121 1317 1159 pro
1345 1108 1636 1160 arqumenti
1662 1120 1690 1147 n
1701 1119 1784 1147 ar-

304 1187 328 1212 r
338 1176 389 1212 at
400 1173 446 1212 io
458 1186 487 1212 n
497 1187 516 1212 e
547 1174 795 1224 proponitur,
833 1175 878 1213 in
915 1186 992 1222 qua
1025 1174 1284 1224 fundamenta
1311 1173 1466 1224 fabulae
1492 1173 1704 1223 iaciuntur,
1742 1176 1786 1211 ut

312 1238 456 1277 virtute
468 1242 616 1288 poetae,
635 1239 746 1277 sine
765 1238 1166 1289 officioproloyi
1184 1238 1259 1277 vel
1275 1238 1409 1276 θεῶν
1428 1237 1521 1275 ἀπὸ
1539 1241 1785 1287 μηχανῆς,

302 1305 341 1342 et
376 1302 598 1353 periocham
638 1302 846 1342 comoediae
879 1304 1048 1354 populus
1084 1306 1211 1343 teneat
1246 1306 1282 1343 et
1320 1302 1386 1353 aqi
1422 1315 1484 1342 res
1519 1302 1642 1353 maqis
1669 1314 1785 1351 quam

306 1367 473 1406 narrari
499 1368 715 1407 videantur.
772 1365 841 1415 (Cf.
861 1367 923 1406 28.
938 1367 985 1415 6).

416 1430 476 1469 De
513 1431 694 1481 personis
732 1430 940 1482 protaticis
973 1432 1184 1482 praeterea
1221 1430 1269 1469 cf.
1294 1430 1393 1470 Don.
1421 1430 1529 1469 locos
1557 1428 1680 1481 praef.
1705 1430 1736 1469 Ι.
1751 1429 1787 1468 8.

416 1493 498 1533 Suo
538 1496 677 1534 autem
713 1494 799 1534 iure
835 1494 906 1534 Ed.
926 1494 1249 1534 Scheidemantel
1260 1496 1286 1544 1)
1325 1495 1514 1546 opinatus
1549 1496 1612 1533 est
1644 1494 1787 1533 horum

303 1558 483 1598 locorum
514 1559 703 1608 originem
733 1559 785 1599 ab
815 1558 1019 1599 Euanthio
1048 1558 1272 1599 ducendam
1306 1571 1408 1608 esse,
1447 1557 1553 1610 apud
1588 1570 1707 1610 quem
1735 1558 1787 1597 ad

301 1623 472 1663 verbum
500 1623 583 1663 fere
612 1623 754 1664 eadem
782 1624 971 1674 leguntur
997 1624 1098 1664 haec
1127 1624 1196 1672 (De
1226 1637 1323 1664 com.
1342 1625 1415 1664 111.
1431 1625 1483 1673 2);

420 1688 516 1728 Tum
545 1690 663 1729 etiam
696 1689 832 1729 Graeci
853 1703 916 1740 pr
928 1692 1096 1741 oloqos
1122 1702 1151 1728 n
1162 1703 1220 1729 on
1239 1689 1298 1729 ha
1309 1689 1395 1729 ben
1407 1693 1421 1729 t
1440 1702 1543 1728 more
1556 1692 1787 1737 nostrorum,

306 1766 402 1803 quos
419 1754 480 1793 La
486 1754 561 1793 tini
583 1754 733 1794 habent.
772 1755 910 1793 deinde
937 1755 1055 1796 θεοὺς
1083 1754 1160 1792 ἀπὸ
1187 1759 1374 1803 μηχανῆς,
1402 1754 1444 1792 id
1471 1757 1526 1792 est
1553 1754 1578 1792 d
1587 1767 1607 1792 e
1617 1766 1637 1791 o
1647 1766 1666 1791 s
1694 1765 1720 1791 a
1730 1766 1753 1790 r
1767 1774 1786 1780 -

307 1830 488 1867 gumen
500 1818 567 1856 tis
607 1830 735 1856 narr
747 1818 898 1857 andis
938 1818 1196 1867 machinatos,
1239 1818 1351 1857 ceteri
1391 1817 1532 1856 Latini
1573 1818 1624 1856 ad
1663 1816 1789 1855 instar

312 1882 548 1920 Graecorum
589 1881 738 1931 habent,
789 1882 991 1921 Terentius
1030 1895 1110 1921 non
1137 1882 1258 1921 habet.
1300 1883 1351 1921 ad
1397 1881 1464 1920 hoc
1508 1896 1537 1918 π
1547 1895 1570 1930 ρ
1582 1895 1604 1918 ο
1613 1895 1629 1917 z
1642 1895 1666 1918 α
1676 1895 1695 1917 τ
1705 1895 1717 1917 ι
1726 1895 1750 1917 κ
1763 1880 1787 1917 ὰ

303 1959 335 1982 π
355 1945 446 1993 ρόσ
459 1959 582 1989 ωπα,
610 1946 653 1986 id
671 1949 992 1996 estpersonas
1020 1949 1164 1985 extra
1191 1949 1547 1996 aryumentum
1575 1944 1786 1993 accersitas,

306 2021 388 2049 non
420 2010 534 2059 facite
562 2010 672 2049 ceteri
711 2009 861 2060 habent,
904 2010 1041 2060 quibus
1080 2010 1279 2051 Terentius
1313 2023 1424 2060 saepe
1461 2011 1609 2058 utiturs
1641 2013 1685 2049 ut
1715 2022 1788 2059 per

308 2073 452 2114 harum
480 2074 810 2114 inductiones
838 2075 995 2124 facilius
1016 2078 1196 2124 pateat
1224 2078 1582 2126 aryumentum.

420 2256 443 2296 ¹)
466 2255 623 2288 Nondum
647 2255 854 2298 disceptandi
876 2256 971 2288 locus
999 2258 1062 2294 est,
1097 2258 1208 2288 utrum
1237 2256 1297 2288 Ed.
1314 2255 1582 2289 Scheidemantel
1603 2255 1788 2287 Usenerum

303 2309 443 2350 quidem
467 2309 560 2349 (mus.
577 2309 685 2342 Rhen,
700 2309 806 2341 XXIII
829 2320 860 2351 p.
876 2309 950 2350 494)
979 2312 1115 2342 secutus
1140 2320 1183 2341 an
1206 2309 1243 2342 P.
1256 2310 1416 2342 Wessner
1437 2309 1560 2341 rectius
1581 2307 1787 2340 iudicaverit.

303 2361 367 2393 1110
391 2362 480 2394 enim
503 2362 566 2394 sibi
589 2362 755 2404 persuasit
777 2363 1054 2395 commentarium
1076 2363 1119 2394 ad
1138 2363 1342 2401 Terentium,
1366 2362 1455 2405 quod
1469 2361 1659 2394 Euanthius
1680 2370 1788 2402 gram-

304 2414 452 2448 maticus
475 2415 738 2458 conscripsisset,
763 2425 839 2448 cum
861 2416 987 2448 Donati
1010 2418 1201 2449 commento
1224 2416 1258 2449 in
1280 2426 1385 2449 unum
1407 2424 1528 2458 corpus
1549 2425 1570 2448 a
1591 2414 1704 2448 nescio
1722 2424 1787 2457 quo

306 2478 386 2501 esse
408 2469 686 2510 conglutinatum,
722 2469 776 2501 hic
797 2470 922 2501 iudicat
952 2470 1264 2512 (Untersuchungen
1293 2479 1352 2501 zur
1373 2469 1593 2502 lateinischen
1616 2468 1788 2501 Scholion-

307 2522 472 2560 litentur,
503 2522 751 2555 Bremerhaven
773 2522 864 2561 1899,
889 2533 919 2564 p.
940 2523 978 2555 14
988 2523 1047 2564 sq.)
1078 2523 1250 2555 Donatum
1272 2523 1381 2565 ipsum
1408 2522 1609 2565 expilavisso
1631 2521 1790 2554 Euanthii

307 2576 586 2608 commentarium
610 2578 645 2608 et
666 2578 849 2608 tractatum
873 2577 913 2609 de
937 2576 1111 2609 comoedia
1134 2577 1218 2617 (dico
1234 2586 1329 2619 capp.
1345 2576 1459 2618 1—111)
1483 2575 1702 2618 praemisisse.
