2118 3040
884 196 1147 235 „19-

276 303 465 345 drearum
480 303 760 355 intellegimus.
791 302 970 344 Occurrit
983 304 1121 343 autem
1139 302 1257 343 nobis
1275 303 1317 342 in
1336 302 1399 342 his
1419 301 1579 342 scholiis
1595 300 1756 341 Graecis

276 381 358 408 vox
385 371 422 408 ‘o
432 370 682 419 ἰκονομίιί
701 370 728 418 ²)
765 367 986 407 identidem
1022 367 1181 416 iterata,
1221 378 1296 407 nec
1331 378 1420 406 raro
1450 365 1620 405 eandem
1648 364 1755 417 apud

278 431 482 472 Donatum
519 432 562 472 in
589 432 820 473 fabularum
856 429 1195 470 Menandrearum
1232 430 1517 470 commentario
1555 429 1756 478 invenias,

278 495 347 535 ubi
373 495 558 536 Donatus
587 496 639 536 ad
667 496 742 536 hos
769 495 879 535 locos
908 494 957 534 de
986 496 1189 545 οἰκονομίᾳ
1217 493 1394 534 disserit:

787 681 824 730 1.
858 680 927 728 De
961 680 1237 738 οἰκονομίᾳ.

381 778 481 817 Don.
492 776 715 816 Α11(11·.228.
728 776 749 814 1
766 776 858 815 haec
867 779 960 816 swnt
968 775 1204 815 inventionis
1210 775 1391 825 poeticae,
1406 779 1451 815 at
1465 776 1516 815 ad
1530 775 1754 823 οἰκονομίαν

276 842 437 891 facetiae
464 841 613 892 aliquid
643 842 801 881 addant.
831 852 925 879 nam
943 840 1145 889 οἰκονομία
1164 842 1228 889 est,
1255 843 1301 879 ut
1328 843 1546 879 accersatur
1573 838 1755 878 obstetrix

274 909 310 945 et
344 906 595 945 conveniatur
635 904 890 955 Pamphilu&
929 903 1071 954 facetia
1110 904 1309 943 scribentis
1348 904 1392 943 νη
1432 904 1493 943 his
1530 903 1653 943 verbis
1689 906 1754 950 est,

273 970 373 1020 quod
399 969 579 1022 Archylis
609 969 871 1020 compotricem
892 968 1138 1019 potissimam
1166 968 1308 1009 adduci
1333 968 1463 1009 iubere
1479 966 1663 1020 finqitur.

379 1033 501 1088 Andr.
521 1034 610 1072 399.
631 1033 696 1082 3²)
736 1033 852 1072 bona
879 1034 1123 1082 οἰκονομία
1158 1031 1219 1080 (cf.
1239 1031 1360 1071 schol.
1390 1032 1508 1083 Soph.
1534 1030 1576 1070 O.
1602 1030 1682 1071 Col.
1701 1031 1752 1069 28

273 1098 439 1140 καλῶς
476 1099 519 1136 δὲ
556 1098 600 1136 τὰ
637 1102 704 1148 τῆς
741 1097 987 1147 οἰκονομίας),
1033 1100 1078 1137 at
1118 1110 1208 1138 mox
1246 1097 1346 1137 iuste
1387 1097 1502 1137 Davo
1538 1099 1754 1136 succenseat

272 1163 507 1212 Pamphilus.

379 1226 519 1265 Davus
539 1238 681 1265 servus
701 1237 768 1265 ero
788 1224 1004 1277 persuadet
1022 1226 1069 1264 ut
1088 1237 1131 1264 se
1160 1224 1294 1264 animo
1323 1224 1561 1276 obsequenti
1588 1224 1752 1276 nuptias

272 1303 298 1328 a
325 1292 438 1341 patre
466 1290 599 1328 iussas
628 1289 731 1328 ferre
762 1288 934 1328 simulet.
975 1287 1079 1327 Erus
1106 1290 1245 1327 autem
1274 1290 1431 1327 monet:
1459 1288 1564 1327 ‘vide
1589 1300 1668 1340 quo
1688 1299 1752 1326 me

271 1353 462 1404 inducas,
491 1366 573 1393 11011
601 1353 766 1393 incauto
793 1352 915 1403 igitur
943 1366 1009 1393 ero
1037 1352 1311 1408 persuadetur.
1357 1351 1472 1402 Ergo,
1503 1365 1595 1392 cum
1623 1352 1755 1392 omnis

273 1417 390 1469 culpa
430 1417 551 1457 huius
595 1416 866 1458 simulationis
905 1417 947 1456 in
989 1429 1104 1457 servo
1147 1417 1210 1465 sit,
1249 1418 1361 1457 ‘iuste
1398 1418 1514 1458 Davo
1549 1418 1750 1457 succenset’

274 1481 507 1533 Pamphilus
535 1482 576 1520 in
606 1494 760 1522 scaena
786 1481 839 1521 III
858 1482 896 1532 5,
925 1494 1030 1533 quae
1057 1494 1099 1521 re
1127 1494 1225 1521 vera
1251 1483 1510 1531 οἰκονομικῶς
1536 1480 1600 1520 his
1618 1480 1751 1521 verbis

271 1545 469 1597 Pamphili
495 1546 771 1597 praestruitur.
827 1545 926 1585 Cum
963 1536 1101 1585 autem
1138 1546 1181 1585 in
1217 1545 1294 1585 hac
1322 1557 1472 1585 scaena
1498 1545 1551 1583 111
1570 1545 1595 1584 5
1622 1546 1752 1587 πάθος

272 1609 470 1662 Pamphili
509 1609 602 1650 irati
642 1609 726 1650 tale
761 1610 826 1660 sit,
868 1611 916 1650 ut
954 1622 1190 1650 censeamus
1231 1609 1316 1649 ficri
1356 1622 1439 1649 non
1479 1622 1610 1661 posse,
1654 1609 1750 1660 quin

272 1673 507 1725 supplicium
536 1676 673 1712 sumat
700 1673 749 1712 de
778 1673 940 1713 ‘scelere
959 1674 1027 1726 qui
1050 1672 1243 1725 perdidit',
1273 1672 1385 1712 addit
1412 1674 1545 1725 poeta,
1575 1684 1645 1712 cur
1668 1684 1751 1712 non

271 1737 357 1777 fiat.
411 1738 556 1789 Itaque
600 1737 751 1777 bonam
797 1740 1021 1788 οἰκονομίαν
1062 1737 1224 1777 fabulae
1266 1738 1415 1784 servat,
1457 1737 1504 1777 cf.
1531 1737 1749 1777 ‘Donatum

268 1801 565 1840 aestheticum':

375 1864 496 1906 Andr.
515 1866 594 1906 623
622 1869 717 1906 ‘non
736 1867 867 1907 habeo
893 1867 1069 1919 spatium
1098 1869 1146 1906 ut
1174 1866 1223 1906 de
1243 1868 1283 1906 te
1312 1879 1471 1906 sumam
1498 1866 1748 1917 supplicium'

267 1952 320 1963 —
349 1931 562 1979 οἰκονομία.

375 1993 591 2032 Praeterea
619 1996 768 2045 optime
796 1994 845 2034 de
874 1997 1075 2044 οἰκονομίᾳ
1103 1995 1253 2044 agitur:

382 2055 503 2097 Andr.
524 2057 613 2096 459.
636 2059 679 2098 l:
709 2058 757 2098 de
786 2058 862 2098 hoc
891 2057 1039 2099 scholio
1068 2057 1145 2098 alio
1173 2057 1259 2098 loco
1289 2057 1543 2098 disseremus.

376 2121 497 2159 Andr.
517 2122 607 2160 481.
630 2123 651 2160 1
686 2128 815 2173 specta
851 2125 895 2163 in
933 2124 1004 2163 hac
1041 2137 1189 2172 scaena,
1227 2136 1343 2172 quam
1376 2124 1467 2162 scite
1494 2136 1672 2173 expressa
1699 2124 1750 2162 sit

377 2249 398 2290 ¹)
423 2249 474 2281 De
503 2248 642 2282 scholiis
657 2251 794 2292 tragicis
809 2252 917 2283 artem
931 2247 1114 2291 οἰκονομίας
1129 2250 1353 2283 tractantibus
1369 2251 1410 2284 cf.
1426 2251 1465 2284 A.
1479 2250 1750 2291 Trendelenburg

266 2303 287 2336 1.
305 2313 331 2336 c.
355 2312 429 2345 pag.
446 2301 491 2335 90
514 2312 598 2345 sqq.,
622 2303 664 2335 (10
682 2304 868 2337 Homericis
883 2314 959 2347 pag.
974 2305 1016 2337 77
1033 2314 1116 2347 sqq.;
1138 2304 1274 2337 uberius
1295 2304 1337 2336 (10
1359 2304 1559 2337 Homericis:
1582 2303 1748 2336 Rudolfus

269 2356 457 2398 Griesinger
471 2356 529 2388 illo
547 2357 717 2398 capitem
733 2359 824 2401 quod
838 2358 1029 2391 inscribitur
1046 2359 1182 2397 „Innere
1192 2358 1435 2399 Motivierung“
1454 2358 1475 2391 1.
1488 2368 1516 2391 c.
1532 2368 1607 2400 pag.
1617 2357 1662 2390 40
1676 2368 1746 2400 sqq.

265 2409 407 2442 disserit.

373 2463 396 2504 ἱ)
427 2462 563 2495 Scholia
577 2462 768 2496 aesthetica
790 2474 860 2497 non
882 2465 993 2498 solum
1014 2465 1049 2497 in
1071 2464 1241 2507 principiis
1255 2473 1452 2497 scaenarum
1473 2464 1618 2505 (etiamsi
1639 2464 1673 2495 in
1696 2463 1748 2496 his

272 2516 423 2558 plurima)
454 2515 514 2547 sed
541 2515 576 2547 in
606 2516 698 2548 omni
732 2520 925 2550 commento
947 2519 1082 2559 praesto
1111 2527 1186 2550 esse
1216 2521 1481 2550 consentaneum
1502 2519 1564 2550 est.
1593 2517 1659 2549 Sed
1681 2517 1747 2555 illa,

270 2578 356 2611 quae
383 2569 419 2601 in
451 2567 554 2600 initiis
585 2568 697 2610 posita
729 2572 820 2609 sunt,
851 2580 927 2603 cum
955 2570 999 2602 ad
1026 2570 1233 2612 probandum
1256 2570 1400 2602 maxime
1421 2570 1581 2608 valerent,
1605 2569 1749 2612 exempli

268 2631 369 2656 causa
390 2622 426 2655 in
447 2621 570 2654 tabulis
592 2621 764 2663 elegimus.
