2118 3040
942 157 1208 196 ,28-

441 273 546 322 Quin
575 274 697 313 etiam
727 272 989 313 scholiastam
1018 275 1198 313 nostrum

821 361 869 408 4.
903 361 1088 408 Litoris
1121 360 1329 409 Graecis

332 456 459 494 altero
488 456 617 505 magis
646 455 847 494 imbutum
883 468 972 494 esse
1002 456 1188 503 censeo.¹)
1235 455 1474 494 Laudantur
1504 456 1611 494 enim
1638 456 1679 494 in
1709 468 1817 494 com-

333 521 471 559 mento
500 519 540 558 M
551 533 573 558 e
585 532 612 558 n
623 533 649 558 a
659 532 686 559 11
698 519 722 558 d
733 532 752 558 r
762 532 784 559 e
795 532 820 558 a
830 532 886 558 ru
899 532 939 558 m
968 521 1131 558 tantum
1159 518 1404 560 fabularum:

384 594 698 633 Hellanicus
726 593 827 633 Eun.
850 595 977 633 167.4
1012 595 1202 633 eunuchos
1236 609 1261 633 a
1288 596 1420 634 Persis
1454 597 1648 634 institutos
1670 600 1818 644 putant

331 673 379 698 ex
407 659 590 709 captivis;
628 672 653 698 a
680 659 944 709 Babylonibus
972 659 1076 698 enim
1103 658 1330 698 Hellanicus
1364 663 1498 698 auctor
1531 663 1655 699 exstat
1681 659 1724 699 id
1750 659 1817 699 ha-

331 724 456 762 buisse
484 725 548 769 (=
569 723 628 760 Fr.
648 722 696 761 H.
717 722 819 761 Gr.I
847 735 882 772 p.
903 723 978 769 68).
1036 722 1144 760 Cf.6.
1182 725 1367 771 εὐνοῦχος
1414 725 1556 771 εἴρηται
1602 724 1658 765 ὡς
1703 724 1818 772 εὐνὴν

330 788 444 836 ἔχων,
481 787 581 824 τοῦτ’
611 787 708 824 ἔστιν
750 786 963 836 φυλάττων,
1006 787 1062 828 ὡς
1104 787 1259 836 ἡνίοχος
1301 787 1522 836 ῥαβδοῦχος
1563 791 1816 836 σκηπτοῦχος·

330 851 445 900 εὐνὴν
473 850 543 888 οὖν
572 851 754 899 γυναικὸς
782 851 961 898 κᾶνόρός.

439 924 757 963 Theocritus
787 924 859 963 Ad.
879 924 968 963 537.
985 925 1009 962 2
1045 926 1103 972 (οὐ
1124 926 1293 975 φθέγξῃς
1321 926 1441 963 λύκον
1470 926 1587 973 εἶδες).

439 988 830 1039 Aristophanes
872 988 973 1026 Eun.
999 989 1251 1027 689.1....
1280 990 1472 1037 γαλεώτης
1499 990 1617 1028 stellio
1649 990 1817 1037 ὥσπερ

330 1052 693 1101 Ἀριστοφάνης
730 1053 771 1089 ἕν
807 1056 887 1093 ταῖς
923 1052 1117 1101 Νεφέλαις
1164 1052 1265 1099 (174)
1301 1053 1441 1101 ’ἥσθην
1485 1053 1654 1101 γαλεώτῃ
1697 1066 1817 1089 κατα-

330 1107 481 1155 χέσαντι
508 1106 774 1155 Σωκράτουςῖ

439 1179 493 1218 Ut
521 1192 596 1219 nos
636 1192 757 1232 saepe
786 1180 954 1218 verbum
983 1180 1150 1219 alterius
1184 1180 1260 1218 loci
1294 1179 1421 1219 altero
1454 1179 1541 1219 loco
1571 1179 1817 1232 explicamus

331 1246 455 1295 atque
494 1243 819 1283 demonstramus
859 1244 1031 1283 eandem
1070 1244 1183 1283 verbi
1222 1244 1301 1283 vim
1337 1244 1380 1282 in
1410 1244 1577 1283 duorum
1606 1247 1817 1295 poetarum

331 1308 576 1347 carminibus
606 1308 795 1355 exhiberi,
826 1308 885 1346 ita
912 1308 1099 1346 Donatus
1129 1307 1180 1346 ad
1195 1307 1440 1347 Terent-iana
1458 1307 1593 1346 Plauti
1621 1308 1747 1347 verba
1775 1307 1817 1347 in

332 1373 672 1422 comparationem
700 1375 834 1421 vocat,
870 1371 918 1410 cf.
938 1372 1038 1410 Don.
1058 1371 1130 1410 Ad.
1151 1373 1297 1421 914.6;
1339 1372 1461 1410 Andr.
1493 1373 1578 1410 186.
1598 1373 1631 1420 1,
1675 1373 1762 1411 205.
1779 1374 1815 1421 2,

331 1436 421 1475 251.
437 1436 473 1486 2,
504 1436 594 1475 331.
609 1436 646 1486 3,
677 1436 827 1485 430.1;
870 1435 942 1474 Ad.
966 1436 1050 1485 1.1,
1082 1436 1116 1474 2.
1130 1436 1165 1485 3,
1201 1427 1311 1484 151,
1341 1435 1403 1474 50.
1421 1436 1445 1473 2
1474 1435 1523 1474 al.
1570 1435 1721 1475 Eadem
1749 1448 1816 1475 ra-

331 1500 442 1539 tione
471 1500 546 1538 hoc
579 1499 665 1539 loco
701 1499 921 1539 scholiasta
948 1499 1157 1539 Menandri
1189 1500 1357 1538 verbum
1391 1501 1583 1550 γαλεώτης
1616 1500 1738 1539 etiam
1775 1501 1818 1539 in

331 1564 518 1603 Nubibus
546 1563 829 1615 Aristophanis
866 1565 908 1602 in
948 1577 1025 1602 usu
1063 1576 1152 1603 esse
1192 1564 1339 1603 scribit.
1394 1564 1480 1603 Hos
1509 1566 1645 1603 autem
1674 1566 1816 1616 poetas

331 1641 454 1680 saepe
484 1631 736 1679 comparatos
765 1641 854 1667 esse
884 1641 965 1667 non
994 1629 1208 1677 nescimus,
1238 1641 1329 1667 cum
1357 1628 1474 1667 nobis
1493 1628 1535 1667 in
1555 1628 1743 1667 manibus
1764 1629 1818 1668 sit

331 1692 538 1731 Plutarchi
575 1692 645 1731 illa
681 1693 875 1742 σύγκρισις
912 1693 1206 1742 Ἀριστοφάνους
1243 1693 1308 1730 καὶ
1335 1693 1581 1742 Μενάνδρου.
1638 1693 1693 1731 At
1722 1705 1815 1731 vero

331 1756 546 1807 scriptores
566 1755 709 1795 Graeci
738 1759 846 1806 sunt,
877 1757 944 1807 qui
973 1756 1079 1795 hanc
1107 1758 1300 1805 σύγκρισιν
1321 1758 1597 1805 exercuerunt,
1628 1759 1750 1808 atque
1775 1758 1817 1795 in

330 1820 395 1860 his
414 1820 548 1859 verbis
578 1832 756 1871 quoque:
786 1822 915 1870 ὥςπερ
934 1821 1210 1871 Ἀριστοφάνης
1239 1822 1278 1859 ἒν
1307 1825 1386 1863 ταῖς
1404 1821 1596 1870 Νεφέλαις
1620 1821 1817 1860 rationem

333 1885 598 1935 interpretum
616 1883 858 1923 Graecorum
887 1885 1078 1923 iteratam
1098 1897 1187 1923 esse
1208 1885 1495 1934 cognoscimus.
1524 1885 1627 1923 Nam
1646 1884 1816 1934 legimus

332 1949 374 1987 in
403 1948 564 1987 scholiis
593 1947 817 1999 Euripideis
846 1972 896 1976 —
926 1948 1026 1987 haec
1054 1948 1237 1999 exemplo
1266 1949 1348 1987 sint
1375 1972 1429 1976 —
1448 1948 1546 1987 illud
1565 1950 1693 1998 ὥςπερ
1725 1950 1815 1999 (καὶ,

331 2014 400 2061 ὡς)
429 2025 519 2051 cum
540 2012 749 2064 Sophoclis
779 2012 838 2061 (cf.
860 2012 979 2052 schol.
1000 2012 1100 2052 Med.
1120 2013 1193 2062 933
1221 2013 1336 2064 Hipp.
1357 2013 1456 2062 551;
1498 2013 1593 2052 Hec.
1615 2014 1703 2062 177,
1725 2014 1814 2061 370)

334 2090 477 2116 versus
506 2076 801 2124 adscribuntur,
832 2079 906 2116 aut
932 2077 973 2115 in
994 2077 1237 2129 Sophocleis,
1268 2089 1359 2116 cum
1388 2076 1586 2129 Euripidis
1616 2078 1673 2125 (cf.
1694 2077 1815 2117 schol.

331 2141 510 2187 Ai.190;
548 2141 590 2180 0.
607 2140 686 2181 Gol.
703 2142 801 2190 4673
842 2141 903 2181 Ai.
923 2142 1014 2190 833)
1056 2154 1199 2181 versus
1238 2140 1530 2181 adscribuntur.
1551 2170 1553 2173 ι
1577 2141 1622 2180 In
1652 2140 1815 2181 Graecis

441 2314 461 2351 ¹)
485 2314 528 2346 Hi
543 2313 723 2355 scriptores
736 2314 879 2346 Romani
902 2315 1149 2346 memorantur:
1166 2314 1333 2355 Vergilius
1357 2313 1410 2354 (ad
1424 2313 1489 2346 440
1504 2314 1609 2353 locos,
1632 2314 1692 2346 sed
1708 2314 1816 2346 eidem

331 2377 433 2409 saepe
466 2369 667 2408 repetuntur
700 2369 735 2399 et
765 2377 833 2400 non
862 2368 959 2409 pauci
986 2378 1008 2399 a
1030 2367 1199 2408 magistris
1228 2377 1330 2409 prave
1353 2369 1433 2399 sunt
1455 2367 1579 2408 additi),
1604 2367 1718 2399 Cicero
1743 2367 1814 2408 (98),

332 2421 512 2453 Sallustius
535 2420 606 2462 (76),
630 2420 774 2453 Plautus
789 2420 863 2462 (71),
886 2420 1033 2453 Lucilius
1049 2421 1120 2462 (28„
1144 2420 1307 2453 Caecilius
1322 2420 1395 2462 (19),
1418 2420 1578 2453 Horatius
1594 2420 1666 2462 (19),
1688 2421 1816 2453 Ennius

331 2474 403 2515 (12),
427 2474 558 2506 Probus
581 2474 631 2515 (9),
663 2475 840 2506 Lucretius
862 2474 912 2515 (8),
935 2475 1041 2506 Varro
1066 2475 1119 2515 (7),
1150 2474 1283 2506 Tubero
1307 2475 1359 2514 (7),
1388 2474 1535 2506 Naevius
1558 2474 1608 2515 (5),
1637 2475 1743 2516 Asper
1765 2474 1816 2515 (3),

331 2527 484 2568 Nigidius
506 2527 557 2568 (3),
580 2527 738 2560 Lucanus
765 2527 816 2569 (2),
838 2528 973 2560 Persius
997 2528 1047 2569 (2),
1079 2527 1200 2560 Accius
1223 2528 1274 2568 (1),
1303 2527 1462 2560 Afranius
1485 2527 1535 2568 (1),
1567 2527 1650 2560 Cato
1675 2527 1724 2569 (l),
1755 2527 1815 2559 Ca-

331 2581 436 2613 tullus
458 2581 510 2621 (1),
534 2581 703 2613 Iuvenalis
726 2581 776 2622 (l),
800 2582 941 2613 Luscius
965 2582 1160 2613 Lanuvinus
1183 2582 1233 2622 (1),
1262 2582 1430 2613 Pacuvius
1454 2581 1502 2621 (1),
1534 2581 1742 2623 Pomponius
1765 2581 1816 2621 (Ι).
