2118 3040
415 290 537 329 Andr.
557 291 645 329 206.
662 291 686 328 2
708 303 878 339 persona
912 295 981 329 aut
1014 291 1060 329 ab
1094 291 1211 329 altero
1245 292 1530 330 commendatur
1565 295 1634 329 aut
1666 304 1705 329 se
1730 291 1790 340 ip-

304 367 389 394 sam
421 355 563 405 populo
600 355 835 394 commendat
873 358 942 393 aut
978 358 1014 393 et
1046 354 1092 393 ah
1129 355 1246 393 altero
1280 355 1565 394 commendatur
1574 355 1602 403 1)
1637 358 1672 394 et
1699 367 1724 393 a
1750 367 1792 393 se

304 419 402 467 ipsa,
430 423 475 457 ut
500 418 564 457 hic
590 422 625 456 et
643 418 752 457 Davi
779 422 815 457 et
836 431 910 466 per
928 418 1122 457 Simonem
1149 431 1270 466 supra
1296 418 1487 466 descripta
1504 422 1569 466 est,
1598 419 1664 457 uln·
1686 418 1790 457 dixit

305 481 421 520 ‘mala
447 494 554 520 mens
572 494 621 520 m.
641 481 688 520 α’.
718 484 753 520 et
779 480 842 520 hic
862 494 937 531 per
963 494 1013 530 se,
1043 481 1136 520 dum
1162 480 1230 520 hoc
1256 484 1364 531 qesta
1392 484 1427 520 et
1453 494 1625 520 sermone
1643 481 1725 532 ayit
1744 494 1791 520 ac

304 545 476 594 disputat
504 558 640 584 secum.

410 607 520 648 Idem
550 606 771 649 adnotatur
798 606 851 649 ad
878 607 1029 649 multos
1058 607 1159 649 alios
1192 608 1300 650 locos
1334 620 1483 661 eosque
1511 607 1789 650 Menandreos

304 671 383 711 Sed
401 672 555 721 longior
581 685 632 711 ne
661 673 748 722 sim,
785 672 953 712 conierri
972 673 1093 712 velim
1113 672 1435 712 dissertationem
1456 672 1503 712 H.
1520 672 1786 721 Steinmanni,

303 736 372 787 qui
399 749 436 787 p.
455 736 616 775 30—32
654 749 794 776 omnes
831 736 938 776 locos
976 736 1145 787 collegit.
1201 737 1340 788 Neque
1374 736 1491 788 plura
1517 736 1642 776 verba
1669 736 1789 775 nobis

302 801 400 839 sunt
414 799 603 839 facienda
617 800 667 839 de
685 800 753 840 illo
767 801 889 839 huius
904 813 1077 840 scaenae
1092 800 1362 840 Menandreae
1381 800 1785 851 interprete‘Graeco’

303 863 405 903 Don.
424 862 547 903 Andr.
567 864 696 904 219.1
727 866 769 904 et
797 864 887 904 226.
903 865 940 915 4,
971 864 1020 904 de
1050 877 1129 916 quo
1159 877 1281 916 supra
1308 877 1343 916 p.
1365 864 1415 904 27
1446 863 1629 904 diximus.

410 928 545 979 Atque
575 928 627 967 ab
657 928 797 967 eodem
825 929 868 967 in
893 941 1045 967 scaena
1062 929 1302 980 insequente
1323 929 1361 977 (Ι.
1376 930 1414 977 4)
1434 928 1723 978 Menandrea‚⁹)
1743 928 1786 966 in

303 1004 384 1043 qua
397 991 524 1044 Mysis
553 991 711 1041 ancilla,
740 994 956 1044 postquam
981 992 1121 1032 Davus
1140 992 1339 1045 Pamphili
1367 992 1632 1032 conveniendi
1661 1005 1788 1032 causa

300 1056 343 1095 in
370 1055 503 1095 forum
531 1056 642 1104 abiit,
682 1056 897 1105 inducitur,
932 1068 998 1096 ars
1033 1059 1256 1107 οἰκονομίας
1284 1057 1509 1096 illustratur
1535 1056 1634 1097 Don.
1655 1057 1783 1096 228.1

303 1119 362 1168 (cf.
383 1133 506 1172 supra
533 1134 569 1172 p.
593 1121 666 1170 19).

409 1184 534 1235 Mysis
573 1184 614 1222 in
652 1184 729 1223 hac
766 1197 917 1224 scaena
945 1185 971 1224 I.
988 1186 1012 1223 4
1051 1185 1232 1224 insinuat
1265 1184 1532 1236 Pamphilum,
1570 1197 1783 1236 personam

303 1260 476 1288 scaenae
504 1249 756 1300 insequentis
783 1249 850 1288 1.5
880 1248 1161 1297 (Menandreae
1190 1249 1269 1298 1.5)
1307 1250 1348 1288 in
1377 1263 1459 1301 qua
1489 1249 1621 1298 (schol.
1650 1261 1785 1288 scaen.

303 1312 444 1361 236.1)
472 1314 675 1352 inducitur
702 1315 950 1353 adulescentis
978 1315 1133 1353 animus
1161 1315 1263 1353 circa
1289 1315 1459 1363 nuptias,
1488 1318 1532 1353 ut
1559 1327 1607 1353 ex
1633 1314 1783 1364 maqni-

301 1377 437 1417 tudine
463 1381 586 1417 metus
612 1378 749 1428 inqens
776 1378 964 1429 yaudium
997 1382 1235 1428 comparetur
1266 1378 1312 1418 in
1343 1378 1427 1428 fine
1453 1378 1605 1428 fabulae
1633 1378 1784 1429 coqnita

303 1442 490 1491 Glycerio.
533 1446 569 1481 et
604 1443 721 1481 simul
755 1443 799 1482 id
835 1443 978 1493 ayitur,
1018 1447 1061 1482 ut
1101 1444 1226 1493 mayis
1262 1444 1458 1493 mayisque
1487 1456 1561 1492 per
1587 1443 1783 1492 Mysidem

301 1505 532 1555 Pamphilus
560 1506 745 1545 excitetur
772 1507 823 1545 ad
850 1507 1103 1546 resistendum
1124 1507 1235 1555 patri
1262 1507 1420 1556 nuptias
1446 1507 1642 1545 indicenti.

408 1570 443 1607 A
473 1581 622 1609 scaena
649 1569 676 1609 I.
691 1570 716 1609 5
745 1569 840 1609 finis
869 1571 985 1609 actus
1013 1570 1030 1609 I
1059 1569 1292 1609 Terentiani
1320 1572 1503 1609 statutus
1532 1572 1595 1609 est
1632 1572 1674 1609 et
1700 1570 1783 1609 iam

300 1634 461 1672 animus
491 1633 613 1673 currit
641 1634 694 1673 ad
722 1646 912 1673 scaenam
940 1634 1036 1673 11.1.

410 1697 469 1737 De
509 1710 590 1750 qua
628 1698 765 1737 varias
794 1699 868 1738 viri
897 1698 1003 1738 docti
1032 1701 1246 1738 moverunt
1274 1698 1543 1750 quaestiones.
1598 1697 1782 1738 Adnotat

300 1762 406 1802 enim
425 1762 612 1802 Donatus
641 1763 742 1810 (301.
761 1765 811 1812 1):
838 1765 883 1803 in
910 1764 978 1803 hoc
1008 1764 1184 1812 colloquio
1213 1765 1334 1803 altera
1354 1777 1452 1813 pars
1479 1765 1693 1803 ostenditur
1720 1764 1781 1813 fa-

300 1827 420 1877 bulae,
454 1827 490 1867 si
517 1828 670 1877 quidem
698 1828 852 1867 Andria
885 1840 933 1867 em
959 1828 1125 1867 duorum
1153 1828 1451 1868 adulescentium
1472 1828 1658 1878 perieulis
1684 1840 1780 1880 qau-

299 1892 449 1940 diisque
477 1893 728 1941 componitur,
767 1905 852 1930 cum
879 1893 960 1940 fere
992 1893 1109 1930 solam
1137 1893 1333 1942 Hecyram
1369 1893 1571 1931 Terentius
1598 1897 1633 1931 et
1659 1893 1782 1931 unius

300 1956 529 1994 comoediam
557 1956 807 1995 adulescentis
835 1955 1008 2006 effecerit.

407 2019 519 2058 Haec
534 2021 673 2058 autem
693 2031 842 2058 scaena
860 2020 901 2057 in
916 2018 1070 2058 Andria
1082 2019 1184 2058 Men.
1203 2032 1286 2058 non
1301 2022 1380 2068 est;
1399 2032 1495 2058 nam
1516 2020 1627 2067 (Don.
1640 2019 1729 2059 301.
1742 2020 1778 2068 2)

297 2083 367 2122 has
390 2096 576 2134 personas
596 2082 689 2131 (scil.
711 2081 927 2122 Charinum
946 2086 988 2122 et
1006 2082 1199 2135 Byrriam)
1224 2084 1426 2124 Terentius
1445 2084 1596 2124 addidit
1612 2083 1777 2134 fabulae,

408 2179 429 2219 ¹)
453 2178 605 2210 Persona
633 2188 724 2210 nova
752 2179 1000 2220 spectatoribus
1017 2177 1375 2211 ‘commendatur’
1405 2179 1459 2211 vel
1485 2177 1778 2217 ‘insinuatur-³,

299 2232 355 2275 qui
378 2242 453 2264 eam
467 2242 537 2265 non
553 2234 802 2274 cognoverunt:
819 2232 861 2264 cf.
877 2232 962 2264 Don.
980 2232 1082 2265 Andr.
1100 2232 1170 2266 175.
1186 2232 1214 2271 1,
1226 2232 1278 2265 35.
1293 2233 1326 2272 1;
1342 2232 1425 2266 Eun.
1438 2232 1512 2265 539.
1527 2232 1542 2265 1
1556 2242 1568 2272 ;Δ
1578 2232 1641 2265 Ad.
1653 2232 1727 2265 288.
1740 2232 1777 2272 3;

296 2286 358 2320 Ph.
373 2286 426 2319 35.
438 2285 469 2325 3,
492 2286 544 2319 50.
557 2286 588 2325 3,
619 2285 723 2318 1022
745 2286 787 2318 al.
834 2286 913 2319 Sine
946 2286 1011 2318 hac
1044 2286 1242 2328 exceptione
1274 2296 1344 2319 non
1375 2286 1577 2319 assentimur
1603 2286 1642 2318 H.
1668 2285 1777 2318 Stein-

297 2340 433 2372 mannio
456 2339 511 2373 l.l.
535 2350 566 2382 p.
583 2339 623 2372 31
647 2339 724 2372 adn.
748 2340 832 2372 haec
855 2339 1029 2372 scribenti:
1061 2339 1167 2372 ‘vides
1189 2340 1277 2373 idem
1299 2339 1481 2382 significari
1503 2340 1614 2373 verbis
1636 2339 1779 2382 propriis

291 2392 484 2425 ‘insinuare'
516 2393 571 2424 vel
597 2392 854 2424 ‘commendare'
887 2395 990 2434 atque
1020 2394 1123 2425 verbo
1153 2393 1300 2434 generali
1329 2392 1534 2425 ‘describere’
1566 2403 1675 2434 neque
1703 2401 1778 2425 esse

298 2446 429 2478 diversa
461 2446 543 2478 haec
566 2446 732 2478 vocabula
762 2446 804 2478 ab
834 2446 940 2488 ipsius
962 2446 1156 2488 disciplinae
1178 2446 1352 2479 vocabulis
1373 2446 1617 2487 χαρακτηρίζειν
1639 2449 1674 2479 et
1696 2445 1777 2486 ἠθο-

295 2511 405 2530 :rolew-

405 2553 428 2593 ¹)
453 2553 615 2585 Scaeuam
647 2563 721 2585 esse
751 2552 897 2585 Andriae
928 2554 1149 2586 Menandreae
1180 2554 1229 2586 Fi.
1245 2553 1383 2586 Nencini
1406 2554 1425 2587 l.
1443 2553 1463 2586 l.
1488 2564 1517 2596 p.
1534 2553 1578 2586 38
1600 2552 1696 2585 lhnio
1719 2552 1777 2585 ad-

296 2606 479 2648 stipulatus
501 2608 619 2638 contra
641 2607 840 2639 Grauertum
863 2607 1046 2639 contendit.
