2118 3040
988 188 1257 226 „74—

380 305 553 333 scaenae
581 293 768 333 Eunuchi
796 294 1064 333 Terentianae
1092 293 1208 333 varia
1235 305 1286 333 ex
1314 292 1457 333 Colace
1492 306 1582 333 esse
1611 291 1751 332 addita
1778 303 1862 332 non

377 358 620 407 negaverim.

486 474 771 515 Dissertationi
798 477 961 515 nostrae
991 476 1178 526 quamvis
1214 487 1297 514 non
1336 475 1389 514 ad
1417 475 1571 515 exitum
1603 474 1819 526 perductae
1831 476 1861 522 ¹)

376 539 504 578 finem
531 539 783 591 imponimus.
825 538 1070 579 Auctoribus
1090 537 1254 578 Graecis
1279 541 1417 578 autem
1435 538 1613 590 palmam
1639 536 1858 578 reddidisse

377 603 495 643 nobis
524 604 590 643 sat
617 603 682 644 sit
736 602 842 642 Nam
879 615 971 643 cum
999 603 1162 643 Terenti
1197 604 1285 643 tum
1315 603 1466 642 Donati
1494 603 1647 655 optima
1674 615 1857 655 quaeque

377 679 466 707 esse
494 666 704 707 Menandri
732 668 900 720 eiusque
918 668 1148 719 interpretis
1168 667 1510 707 demonstravisse
1529 667 1646 707 nobis
1664 665 1858 706 videmur.

485 806 507 847 ι)
530 806 580 838 Of.
596 816 696 848 supra
718 816 750 848 p.
766 806 806 839 31
830 806 907 839 adn.
922 806 954 838 4.
970 824 1011 829 —
1025 806 1172 838 Maxime
1195 806 1305 845 doleo,
1329 806 1419 848 quod
1441 805 1503 838 Ph.
1519 806 1556 838 E.
1573 805 1751 847 Legrandii
1763 805 1855 844 liber,

376 860 433 901 qui
454 858 568 893 ‘Daos
584 859 733 892 Tableau
756 860 797 892 de
819 859 853 891 la
875 860 1026 892 comedie
1042 860 1194 902 Grecque
1216 859 1367 902 pendant
1387 859 1421 892 la
1442 859 1578 902 periodo
1601 859 1670 892 dite
1690 857 1858 891 nouvelle’

375 913 486 955 (Lyon
510 912 602 954 1910)
632 912 839 952 inscribitur,
869 915 944 945 tum
973 913 1108 945 demum
1140 913 1174 945 in
1208 923 1326 945 manus
1354 922 1448 945 meas
1480 913 1647 955 pervenit,
1682 922 1758 945 cum
1789 912 1857 944 iam

375 968 564 1008 postremas
597 966 751 1008 plagulas
786 967 925 999 correxi.
983 967 1089 1007 Quem
1125 967 1247 999 librum
1284 967 1438 999 omnibus
1475 966 1648 999 doctrinae
1684 965 1859 1008 praesidiis

374 1021 605 1053 sustentatum
638 1022 673 1052 et
705 1020 872 1054 munitum
902 1030 1105 1063 quamquam
1134 1030 1266 1053 summa
1295 1020 1439 1063 quadam
1469 1019 1693 1052 delectatione
1721 1019 1857 1061 perlegi.

375 1074 562 1106 sententias
584 1083 678 1106 meas
700 1073 791 1116 quod
813 1075 942 1106 mutem
964 1083 1033 1106 non
1056 1073 1176 1106 habeo.

754 2622 846 2654 'rypis
864 2622 1011 2654 expressit
1026 2621 1174 2647 Robertus
1190 2621 1288 2647 Noske
1305 2621 1474 2647 Bornensiu.
