2118 3040
294 843 406 886 Caput
448 843 472 876 Ι.

297 908 406 950 Caput
434 907 474 941 11.

292 1134 403 1176 Caput
417 1134 470 1167 m.

289 1628 402 1670 Caput
416 1627 469 1660 IV.

288 1746 400 1788 Caput
429 1746 468 1779 V.

287 2078 400 2119 Caput
413 2077 467 2110 VI.

287 2195 400 2237 Caput
414 2194 484 2227 vn.

833 692 1237 776 Conspectus,

1705 808 1775 833 Fag-

516 844 567 876 De
589 843 681 876 vario
706 853 829 885 genere
852 843 1058 876 scholiorum
1080 843 1115 875 in
1136 843 1263 876 Donati
1286 844 1479 875 commento
1519 868 1527 876 .
1572 868 1580 876 .
1625 867 1633 876 .
1680 870 1686 877 .
1757 845 1772 876 1

517 908 568 940 De
597 907 779 950 interprete
808 907 852 939 ad
879 907 1040 949 principia
1070 917 1267 940 scaenarum
1288 907 1684 949 Apollodorearum

520 961 680 1004 loquente

595 1016 634 1048 A.
659 1015 715 1057 qui
738 1015 827 1057 sapit
847 1016 956 1047 artem
978 1014 1181 1047 rhetoricam
1247 1039 1686 1048 .........
1753 1016 1774 1048 7

594 1069 632 1104 Β.
656 1069 713 1112 qui
734 1068 894 1102 Euanthii
916 1068 1060 1111 vestigia
1082 1069 1202 1112 premit
1246 1093 1684 1103 .........
1733 1069 1770 1102 11

516 1134 587 1174 Quo
611 1134 712 1166 modo
736 1133 865 1166 scholia
886 1133 1072 1165 aesthetica

593 1189 633 1220 A.
657 1198 750 1221 more
766 1188 895 1220 Graeco
911 1187 955 1220 ad
970 1187 1130 1230 principia
1144 1187 1288 1220 maxime
1303 1197 1501 1220 scaenarum
1515 1187 1686 1229 adscripta

657 1241 725 1273 sint
762 1265 1683 1274 ..................
1733 1241 1771 1272 14

593 1295 630 1328 B.
653 1295 686 1327 in
704 1296 895 1328 commento
911 1294 1101 1327 fabularum
1116 1294 1157 1327 de
1168 1294 1350 1327 Menandro
1362 1295 1497 1327 tantum
1509 1294 1685 1327 ductarum

656 1349 812 1390 legantur
834 1348 1016 1380 tractantia

744 1402 773 1434 1.
795 1402 904 1433 artem
925 1401 1111 1441 οἰκονομίας
1135 1425 1685 1434 ...........
1734 1401 1773 1433 19

741 1455 771 1489 2.
795 1457 903 1489 artem
925 1455 1094 1496 ἠθοποιίας
1138 1480 1685 1489 ...........
1730 1455 1773 1488 23

741 1510 771 1541 3.
796 1519 850 1541 res
872 1509 1016 1541 Graecas
1083 1534 1682 1542 ............
1727 1508 1771 1541 26

741 1563 771 1596 4.
795 1563 889 1595 locos
914 1562 1076 1605 quosdam
1098 1564 1274 1595 auctorum
1297 1563 1501 1595 Graecorum
1567 1587 1575 1595 .
1621 1587 1628 1595 .
1675 1587 1683 1596 .
1728 1562 1772 1595 28

516 1627 711 1659 Aesthetica
743 1627 908 1670 quaedam
939 1626 1069 1659 scholia
1098 1627 1200 1660 etiam
1229 1627 1271 1659 ab
1301 1627 1483 1669 interprete
1510 1627 1679 1659 rhetorico

517 1681 668 1714 exhibita
705 1708 711 1714 .
758 1706 766 1713 .
813 1708 819 1714 .
867 1705 873 1713 .
917 1713 919 1715 ,
919 1705 1681 1714 ...............
1726 1680 1769 1713 29

514 1746 598 1785 Quid
619 1745 753 1777 intersit
780 1746 867 1778 inter
897 1740 1117 1778 scholiastam
1138 1745 1414 1778 Menandrearum
1442 1746 1478 1778 et
1499 1744 1684 1788 Apollodo-

514 1808 645 1831 rearum
666 1798 866 1838 fabularum,
889 1808 965 1831 cum
986 1798 1187 1831 adhibentur
1208 1807 1309 1831 voces
1330 1798 1506 1831 technicae

742 1853 769 1886 1.
793 1852 972 1894 ‘analogia'
1028 1878 1303 1886 ......
1344 1881 1347 1884 .
1351 1878 1681 1886 .......
1726 1853 1769 1885 32

739 1905 770 1938 2.
793 1905 1020 1948 ‘amphibolia'
1080 1931 1680 1939 ............
1726 1906 1769 1938 32

739 1959 769 1993 3.
793 1959 998 2003 ‘ethopoeia'
1028 1985 1681 1994 .............
1727 1960 1769 1993 33

738 2014 768 2047 4.
792 2013 974 2046 ‘astismos'
1026 2038 1681 2047 .............
1726 2014 1769 2046 34

513 2076 737 2109 Scholiastam
764 2078 987 2110 aestheticum
1015 2088 1089 2110 esse
1117 2078 1336 2110 scholiastam
1359 2078 1523 2110 Graecum
1546 2078 1682 2110 Menan-

516 2129 631 2162 dreum
705 2156 1679 2165 ...................
1726 2131 1767 2163 37

515 2194 674 2234 Quaestio
691 2194 883 2228 Donatiana
905 2196 1085 2229 coniuncta
1108 2206 1183 2228 cum
1199 2195 1453 2239 quaestionibus
1468 2196 1682 2229 Terentianis

514 2250 548 2281 et
570 2248 792 2290 Menandreis‚
815 2260 901 2292 quae
923 2251 1186 2293 amplectuntur:

588 2303 628 2338 A.
651 2302 797 2336 Andriae
819 2303 971 2336 fabulam
1026 2330 1679 2338 .............
1725 2304 1768 2336 38

587 2356 625 2389 B.
648 2356 827 2399 Adelphon
849 2358 999 2392 fabulam
1028 2383 1356 2392 .......
1368 2391 1372 2395 ,
1403 2383 1680 2391 ......
1725 2358 1768 2390 53

593 2410 627 2443 C.
650 2410 804 2444 Eunuchi
825 2412 975 2445 fabulam
1026 2437 1680 2445 .............
1724 2411 1768 2443 63
