2118 3040
902 169 1145 208 -8-

279 273 455 313 occurrit
483 273 588 313 alter
616 275 889 326 compluribus
918 276 1016 314 locis
1044 275 1275 326 Apollodori
1301 275 1544 325 fabularum,
1574 275 1642 327 qui
1669 274 1768 314 item

278 337 481 377 illustrare
519 339 652 378 totam
689 351 880 379 scaenam
919 340 1098 393 conatur,
1141 339 1213 379 sed
1252 340 1300 379 ut
1338 338 1458 379 homo
1494 339 1767 390 eloquentiae

279 404 526 453 praeceptis
553 404 859 443 instructus
888 404 964 443 hoc
991 403 1109 443 modo
1121 405 1147 452 1)
1178 403 1371 455 explicat:

387 466 483 507 Hec.
503 467 520 506 I
540 468 574 507 2.
596 468 670 516 (76.
691 468 727 517 2)
753 469 854 508 duae
883 466 1286 520 [coniecturae[²)
1315 472 1408 508 sunt
1435 469 1479 508 in
1507 469 1579 508 hac
1605 482 1769 509 scaena:

280 545 336 572 an
362 546 476 572 verae
502 533 582 572 sint
609 532 770 582 nuptiae
803 536 839 571 et
873 545 927 571 an
961 532 1166 572 verisimile
1193 533 1245 572 sit
1273 533 1550 573 adulescentem
1578 533 1768 573 abstinere

274 598 450 646 potuisse
478 611 502 636 a
529 597 677 643 vio-qino
703 597 777 636 sibi
804 600 972 646 nuptum
1002 598 1160 636 tradita.

388 659 482 699 Hec.
502 660 537 698 ΙΙ
558 661 590 699 1.
612 660 714 708 (198.
733 661 766 708 1)
801 661 845 700 in
864 660 936 700 hac
959 673 1100 700 scaena
1124 658 1394 712 [accusatio]
1424 674 1556 701 socrus
1575 665 1640 710 est,
1669 674 1767 710 quae

279 738 319 763 se
348 723 765 776 [coniecturaliter]
795 724 966 774 defendit
993 724 1124 764 dicens
1151 725 1251 764 nihil
1277 738 1303 764 a
1331 738 1370 764 se
1392 723 1542 772 factum
1569 725 1614 764 in
1632 726 1767 775 perni-

280 790 375 828 ciem
416 802 544 828 nurus
587 788 884 836 (coniectura
921 790 967 839 cf.
1010 788 1105 827 Hec.
1144 789 1205 827 20.
1231 789 1267 838 3,
1310 789 1395 828 138.
1416 789 1453 839 3,
1491 789 1580 837 203,
1620 789 1708 828 254.
1729 789 1765 838 2,

278 852 371 900 579,
410 853 499 890 675.
529 853 561 900 1,
601 853 689 890 727.
714 852 751 900 3,
799 853 886 901 743,
912 853 947 890 8.
1017 853 1088 891 Ph.
1123 853 1184 901 61,
1221 853 1265 901 2;
1319 853 1436 902 signa
1481 852 1768 891 coniecturalia

279 915 375 955 Hec.
396 916 485 954 823.
507 916 554 964 2).

387 979 481 1019 Hec.
511 980 564 1018 III
592 981 628 1019 3.
668 981 830 1029 (361.1)
878 983 923 1020 in
960 982 1031 1020 hac
1068 994 1206 1021 scaena
1252 979 1587 1033 [conquestio]
1626 983 1767 1035 estad

280 1043 742 1096 [deliberationem]
763 1045 993 1084 descendens
1013 1043 1274 1091 (descendens
1303 1043 1351 1083 cf.
1371 1043 1464 1084 Hec.
1481 1045 1543 1084 97.
1567 1045 1600 1095 1,
1618 1044 1706 1085 660.
1729 1045 1765 1094 2,

278 1108 350 1148 Ph.
369 1108 432 1147 57.
453 1108 477 1146 3
498 1111 598 1159 eto),
627 1122 681 1148 an
709 1110 846 1149 habeat
875 1109 1108 1159 Pamphilus
1135 1123 1189 1148 an
1215 1111 1392 1150 excludat
1417 1122 1588 1159 umorem,
1616 1111 1661 1149 in
1689 1122 1768 1158 qua

280 1176 361 1212 tota
399 1174 523 1212 oratio
561 1173 762 1224 Pamphili
799 1175 850 1212 ad
888 1177 1162 1224 aryumentum
1198 1177 1372 1224 spectans
1409 1174 1603 1213 amatoria
1638 1173 1763 1223 mayis

280 1251 399 1286 quam
419 1239 612 1279 maritalis
631 1242 709 1277 est:
738 1252 833 1278 nam
852 1239 963 1278 aliter
981 1252 1062 1277 non
1081 1239 1353 1288 perveniretur
1372 1240 1423 1277 ad
1443 1239 1619 1278 ultimam
1638 1239 1764 1288 coyni-

278 1303 425 1341 tionem
455 1303 631 1341 omnium
661 1316 795 1341 rerum
823 1302 904 1341 nisi
932 1301 1154 1342 adulescens
1170 1302 1375 1351 furtivum
1394 1306 1612 1352 conceptum
1632 1303 1767 1341 uxoris

279 1370 315 1404 et
336 1370 501 1415 partum
529 1367 731 1414 aliquanto
759 1367 895 1414 lenius,
925 1379 1043 1414 quam
1069 1367 1284 1416 eoniuyalis
1311 1367 1417 1406 dolor
1444 1367 1596 1416 expetit,
1635 1366 1766 1405 tolera-

279 1429 392 1469 visset
403 1430 430 1477 3)
461 1429 518 1476 (cf.
539 1429 633 1468 Hec.
655 1430 744 1468 488.
766 1429 814 1477 2).

387 1493 480 1531 Hec.
492 1492 545 1530 III
560 1493 594 1531 2.
612 1493 713 1540 (336.
732 1494 767 1540 1)
797 1494 842 1532 in
863 1493 936 1532 hac
949 1506 1089 1532 scaena
1105 1493 1218 1542 quasi
1232 1494 1420 1541 quaedam
1437 1491 1765 1545 [deliberativa]

279 1561 333 1597 est
361 1558 560 1598 continens
589 1555 846 1610 [suasionis
864 1555 1296 1609 dissuasionisque]
1320 1561 1465 1608 partes,
1495 1571 1592 1606 quas
1618 1558 1662 1596 in
1681 1558 1766 1597 sub-

278 1623 370 1662 ditis
399 1622 730 1662 considerabimus.

387 1685 443 1726 Cf.
463 1685 534 1726 Ph.
554 1686 589 1725 II
608 1687 643 1726 4.
665 1687 766 1735 (441.
788 1687 824 1735 2)
850 1687 941 1727 haec
962 1684 1297 1739 [deliberativa]
1329 1691 1393 1736 est,
1423 1687 1468 1726 in
1497 1700 1575 1736 qua
1593 1687 1767 1726 adi-ocati

276 1750 401 1804 (tres)
429 1756 532 1801 sunt,
561 1765 725 1800 quorum
754 1765 860 1790 unus
889 1749 1090 1803 [suadet],
1119 1752 1216 1791 alter
1235 1749 1514 1803 [dissuadet[,
1544 1752 1680 1790 tertius
1699 1751 1767 1800 qui

277 1816 385 1867 sequi
414 1817 648 1856 alterutrum
676 1816 878 1866 debuisset,
917 1817 1107 1857 eiusmodi
1134 1816 1366 1857 sententiam
1393 1816 1497 1867 dicit,
1535 1820 1579 1857 ut
1606 1830 1766 1857 rursum

280 1879 638 1932 [deliberatione]
668 1894 764 1930 opus
794 1894 872 1919 esse
900 1881 1091 1919 videatur.

388 1942 634 1993 (deliberatio
665 1944 711 1984 cf.
732 1943 827 1983 Hec.
847 1944 938 1984 480.
961 1945 982 1983 1
1016 1947 1113 1994 etc).

386 2008 457 2046 Ph.
486 2008 593 2046 1112.
621 2009 779 2056 (485.1)
822 2009 913 2047 haec
951 2021 1091 2047 scaena
1129 2009 1174 2047 in
1223 2007 1512 2060 [petitione]
1556 2013 1623 2058 est,
1664 2021 1763 2057 quae

278 2086 391 2123 saepe
419 2073 590 2112 admittit
619 2071 1012 2124 [deliberativae
1039 2071 1212 2124 locum]

387 2136 667 2185 (deliberativa
694 2136 788 2175 Hec.
810 2137 897 2175 753.
919 2137 955 2185 2,
986 2136 1056 2175 Ph.
1078 2137 1167 2175 452.
1188 2137 1212 2175 2
1243 2138 1340 2184 ete).

389 2277 408 2317 ι)
432 2277 483 2308 De
499 2276 553 2308 his
564 2275 702 2308 scholiis
714 2276 890 2308 rhetoricis
905 2276 948 2311 cf.
958 2276 997 2307 H.
1007 2275 1045 2308 Τ.
1055 2275 1199 2308 Karsten
1215 2276 1335 2308 Mnem.
1346 2275 1483 2308 XXXIII
1498 2284 1572 2318 pag.
1584 2274 1763 2308 140—153.

387 2331 410 2371 2)
433 2330 534 2362 Uncis
556 2330 676 2363 inclusi
699 2340 756 2362 eas
779 2340 892 2369 voces,
925 2340 1011 2371 quae
1035 2330 1222 2362 doctrinam
1246 2329 1449 2362 rhetoricam
1470 2339 1550 2372 prae
1582 2340 1618 2362 se
1639 2329 1763 2368 ferunt,

278 2384 320 2416 cf.
338 2384 448 2416 Halmi
470 2385 613 2416 indicem
635 2384 679 2415 ad
700 2383 881 2416 ‘Rhetores
905 2384 979 2415 Lat.
996 2382 1080 2416 min?
1111 2383 1244 2425 Lipsiae
1269 2383 1362 2416 1863.

387 2438 408 2479 ³)
432 2438 504 2470 Hoc
527 2438 602 2470 loco
627 2439 662 2470 et
684 2436 800 2470 multis
822 2437 896 2470 aliis
920 2437 972 2479 (cf.
990 2437 1029 2469 H.
1047 2437 1254 2476 Steinmann,
1278 2435 1340 2470 ‘De
1362 2437 1444 2470 artis
1466 2437 1618 2479 poeticae
1641 2436 1765 2469 veteris

276 2494 375 2534 parte
384 2502 470 2534 quae
479 2494 532 2524 est
542 2492 614 2531 περὶ
623 2491 728 2532 iwan?
745 2492 821 2523 diss.
833 2492 1015 2532 Gottingae
1027 2490 1109 2524 1907
1122 2501 1196 2532 pag.
1205 2491 1249 2522 49
1260 2490 1336 2523 adn.
1349 2491 1375 2531 l)
1388 2492 1528 2532 apparet
1546 2489 1766 2522 scholiastam

278 2544 483 2577 rhetoricum
512 2555 581 2577 non
609 2547 680 2576 tam
708 2545 900 2586 imperitum
928 2545 1011 2577 artis
1039 2544 1193 2586 poeticae
1222 2553 1305 2583 esse,
1338 2546 1377 2576 ut
1405 2553 1547 2576 acumen
1574 2543 1699 2584 ingenii
1730 2545 1766 2575 et

278 2598 500 2639 sagacitatem
524 2599 660 2631 omnino
684 2598 715 2630 ei
737 2598 926 2630 abiudicare
950 2598 1059 2630 liceat.

2096 2582 2118 3040 5-——-—-
2097 2462 2101 2575 -m
2096 2215 2104 2448 -—-.
