2118 3040
931 215 1196 253 ,17-

321 321 420 371 πρὸς
447 321 490 359 τὸ
519 322 742 373 δηλωθῆναι
768 323 836 373 τὴν
863 323 1024 372 γνώμην
1052 322 1295 371 ἀμφοτέρων.
1331 321 1562 363 πιθανῶς
1596 321 1637 358 δὲ
1670 321 1797 371 ἐρωτᾷ

323 386 380 429 ὡς
407 385 569 436 ἀγνοῶν.

483 493 511 532 k
522 505 544 533 o
555 506 595 533 m
604 506 644 533 m
655 506 677 534 ο
689 507 708 533 s
737 496 818 546 (pro
848 493 1016 533 stasimo
1045 491 1243 538 secundo).
1272 505 1298 531 v
1309 505 1328 531 s
1340 504 1369 532 s.
1389 491 1613 531 823—870.

430 578 477 618 cf.
496 579 616 619 schol.
634 593 694 621 vs.
713 580 791 619 823
821 581 864 618 et
891 591 949 618 vs.
968 578 1065 617 827:
1093 580 1233 628 θρηνεῖ
1254 580 1278 628 ἡ
1303 579 1488 627 Ἠλέκτρα
1516 578 1581 616 τὸν
1600 578 1789 627 ἀδελφὸν·

321 643 480 682 ἐλεεινὸν
513 644 555 682 δὲ
582 645 665 682 λίαν
692 644 734 682 τὸ
762 646 911 681 τοιοῦτο
937 643 1066 692 μέρος.

568 761 785 802 tortium
813 758 1134 812 epeisodion.
1171 773 1268 799 vss.
1294 760 1544 799 871—1057.

429 860 487 887 vs.
507 848 596 887 871.
623 870 676 876 —-
704 849 728 897 ἢ
756 846 1007 896 Χρυσόθεμις
1033 848 1303 897 παραγέγονεν,
1331 846 1376 884 τὰ
1404 846 1481 885 ὗπὸ
1509 850 1576 885 τοῦ
1603 846 1792 896 Ὀρέστου

322 913 518 963 ἓγκείμενα
545 916 600 962 τῷ
627 912 740 963 τάφῳ
767 912 946 962 εὑροῦσα.
969 914 1080 950 τοῦτο
1097 911 1140 949 τὸ
1158 911 1371 962 πρόσωπον
1384 912 1581 962 εἰσήγαγεν
1596 910 1794 960 (‘induxit'

322 976 530 1027 Donatus),
568 979 629 1016 ἵνα
655 977 710 1027 μὴ
740 978 792 1019 εἷς
818 976 973 1026 μακρὸν
1000 977 1024 1026 ἦ
1053 976 1260 1027 ὀλόφυρσις
1285 976 1492 1026 Ἠλέκτρας
1524 978 1682 1026 γένηται.
1738 974 1796 1015 Cf.

323 1040 442 1080 schol.
463 1041 580 1093 Soph.
599 1041 660 1080 Ai.
680 1041 771 1089 201,
804 1040 919 1089 1316,
950 1040 1028 1079 735
1057 1039 1107 1079 al.

578 1171 838 1209 stasimon
866 1169 1095 1208 tertium.
1124 1169 1519 1208 vss.1058—1097.

430 1268 487 1294 vs.
509 1255 621 1295 1058.
654 1279 706 1283 —
744 1257 884 1294 οἰκεῖον
921 1255 963 1293 δὲ
997 1259 1053 1305 τῷ
1090 1259 1201 1305 χορῷ
1229 1256 1500 1304 ἀγανακτοῦντι
1527 1256 1588 1294 ἐπὶ
1614 1260 1660 1306 τῇ
1687 1255 1791 1294 Κλυ-

321 1321 529 1370 ταιμήστρᾳ
555 1320 621 1358 τὸν
648 1320 735 1369 περὶ
761 1323 839 1357 τῶν
867 1320 1020 1369 ἀλόγων
1047 1320 1212 1358 ἐνταῦθα
1240 1321 1474 1369 παραλαβεῖν
1501 1320 1627 1368 λόγον,
1661 1320 1717 1357 ὅτι
1749 1321 1791 1357 ἕν

321 1388 398 1426 τοῖς
424 1384 576 1433 ἀλόγοις
604 1384 719 1434 ζῴοις
746 1384 890 1433 φυσική
917 1399 971 1426 τις
997 1384 1071 1422 ἐστὶ
1098 1384 1353 1434 φιλοστοργία,
1382 1385 1406 1433 ἡ
1436 1384 1478 1422 δὲ
1496 1383 1790 1434 Κλυταιμήστρα

322 1463 517 1497 αστοργος.

545 1557 787 1607 quartum
815 1555 1136 1607 epeisodion.
1164 1556 1561 1595 vss.1098—1383.

427 1654 486 1682 vs.
507 1642 610 1681 1098
648 1640 697 1681 de
731 1641 871 1682 Oreste
909 1641 952 1681 in
989 1655 1178 1682 scaenam
1210 1642 1397 1682 veniente
1434 1641 1574 1682 schol.:
1615 1642 1796 1692 Ὀρέστης

320 1706 495 1755 πάρεστιν
522 1706 592 1745 σὺν
618 1710 674 1755 τῷ
701 1706 866 1757 Πυλάδῃ
894 1708 1067 1756 κομίζων
1097 1707 1142 1744 τὰ
1173 1708 1334 1756 λείψανα
1352 1710 1430 1744 τῶν
1449 1708 1789 1756 λογοποιουμένων

321 1771 445 1808 ὀστῶν
471 1771 618 1809 ἑαυτοῦ.
646 1771 851 1821 θαυμαστὴ
880 1772 904 1821 ἠ
934 1772 1204 1821 οἰκονομία
1236 1775 1303 1809 τοῦ
1336 1775 1506 1821 ποιητοῦ,
1544 1771 1599 1821 μὴ
1634 1772 1715 1820 ἅμα
1743 1775 1789 1820 τῇ

321 1835 528 1884 ἀπαγγελίᾳ
562 1838 630 1873 τοῦ
667 1827 839 1874 θανάτου
876 1836 1031 1885 κομίσαι
1056 1835 1101 1874 τὰ
1128 1836 1300 1885 λείψανα,
1328 1837 1388 1873 ἵνα
1415 1836 1572 1885 εὔλογος
1598 1835 1793 1885 πρόφασις

320 1902 385 1948 τῆς
411 1899 588 1949 παρόδου
617 1900 766 1949 γένηται
789 1903 845 1949 τῷ
859 1899 1036 1950 Ὀρέστῃ,
1059 1900 1125 1938 καὶ
1142 1899 1318 1950 παραυτά
1339 1900 1362 1938 ὁ
1380 1899 1674 1949 ἀναγνωρισμὸς
1690 1899 1792 1948 πρὸς

322 1964 479 2013 αὔξησιν
506 1967 573 2001 τοῦ
601 1964 766 2007 πάθους.

427 2039 507 2065 vss.
530 2027 792 2068 1232—1287
829 2027 1012 2068 kommos
1046 2028 1256 2068 secundus.
1303 2027 1348 2068 cf.
1368 2027 1488 2068 schol.
1515 2040 1575 2067 vs.
1598 2028 1710 2067 1236.
1739 2050 1792 2056 -

320 2093 542 2142 παράκειται
569 2093 718 2143 ἑκάστῳ
744 2094 787 2132 τὸ
817 2096 1027 2133 οἰκεῖον·
1055 2096 1079 2144 ἡ
1097 2095 1169 2143 μὲν
1189 2094 1262 2144 γὰρ
1282 2095 1376 2143 γυνή
1396 2109 1434 2132 τε
1454 2093 1549 2132 οὖσα
1569 2095 1634 2132 καὶ
1651 2094 1787 2143 παρὰ

1168 2158 1464 2173 ’’’’’

320 2226 389 2259 ’νῦν
415 2225 570 2270 πρῶτον
599 2222 797 2272 ἐπιχειρεῖν
823 2225 985 2273 τοιούτῳ
1012 2224 1191 2273 κινδύνῳ.

568 2350 829 2390 stasimon
858 2354 1110 2404 quartum.
1138 2365 1235 2391 vss.
1268 2352 1542 2391 1384—1397.

427 2448 485 2475 vs.
513 2434 625 2474 1384.
674 2441 741 2475 τοῦ
756 2437 944 2489 Ὀρέστου
972 2439 1208 2482 εἰσελθόντος
1235 2440 1257 2478 ὀ
1280 2439 1400 2490 χορὸς
1430 2439 1545 2478 ταῦτά
1568 2453 1696 2489 φησιν.
1739 2461 1790 2466 -

321 2501 581 2551 εἰσεληλύθασι
606 2501 679 2550 μὲν
706 2502 872 2541 ἐνταῦθα
901 2505 939 2541 οἱ
963 2505 1050 2554 περὶ
1076 2503 1265 2554 Ὀρέστην
1292 2504 1357 2542 καὶ
1383 2503 1581 2553 Πυλάδην.
1609 2507 1719 2541 τοῦτο
1749 2503 1794 2541 δὲ

321 2568 403 2615 ἤτοι
431 2566 453 2604 ὁ
470 2565 588 2615 χορός
607 2579 723 2615 φησιν
741 2567 807 2604 καὶ
833 2571 900 2617 τῆς
926 2567 1133 2618 Ἠλέκτρας
1160 2568 1474 2618 συνεισελθούσης
1501 2568 1639 2611 αὐτοῖς,
1667 2567 1732 2605 καὶ
1745 2567 1790 2605 τὸ

321 2631 415 2669 ἴδετε
440 2629 539 2681 πρὸς
567 2629 728 2679 ἀλλήλας
756 2631 872 2680 φασὶν
899 2633 940 2671 αῖ
964 2636 1048 2671 τοῦ.
1060 2637 1192 2684 χοροῦ.
1220 2634 1301 2683 ἤτοι
1328 2634 1405 2677 ἔξω
1435 2631 1531 2671 οὖσα
1559 2633 1583 2682 ἡ
1607 2631 1792 2683 Ἠλέκτρα
