2118 3040
325 310 507 349 agamus,
536 309 747 350 exponere,
778 298 846 350 qui
874 297 929 337 sit
957 298 1092 338 status
1121 297 1397 338 commentarii
1416 297 1637 339 Donatiani
1664 298 1707 338 in
1734 296 1812 338 hac

326 376 479 403 scaena
496 363 524 401 Ι.
544 364 564 401 1
594 365 637 402 et
665 362 760 413 quid
788 361 882 402 inde
910 363 965 401 sit
993 362 1323 402 concludendum.

434 437 496 477 Ad
538 436 776 489 principium
815 438 955 477 autem
991 449 1165 477 scaenae
1203 449 1286 476 non
1330 435 1446 476 deest
1482 436 1704 477 scholiasta
1744 435 1811 477 ille

326 502 437 549 (Don.
456 500 530 540 Ad.
551 501 613 540 26.
631 503 679 550 1),
709 513 830 551 quem
859 501 917 548 (cf.
938 513 1061 552 supra
1079 514 1116 552 p.
1136 501 1199 550 26)
1230 501 1332 540 bene
1363 501 1463 540 scire
1487 513 1552 539 res
1581 502 1622 539 et
1648 500 1810 540 fabulas

324 564 635 604 Atheniensium
655 564 917 614 ostendimus,
945 576 1021 603 nec
1039 576 1122 603 non
1150 563 1402 604 desideratur
1414 564 1461 614 is,
1492 576 1612 615 quem
1640 564 1810 604 ‘scaeni-

324 630 428 668 cum’
449 628 760 668 nominavimus.
799 628 1014 680 Adscripta
1033 630 1130 668 sunt
1149 629 1256 668 enim
1274 628 1376 668 haec
1396 627 1482 677 (Ad.
1503 629 1564 668 26.
1581 628 1634 676 2):
1656 630 1811 678 primae

320 697 452 742 partes
479 694 590 741 (sicut
614 694 658 732 in
685 695 840 743 proloqo
868 694 949 744 ipse
972 693 1175 743 promisit),
1205 705 1230 732 a
1256 692 1411 733 senibus
1438 696 1617 744 ayuntur,
1646 705 1810 742 quorum

323 758 565 797 contemtione
593 759 646 797 ad
674 761 950 808 arqumentum
976 759 1100 798 relata
1127 758 1210 797 vita
1237 770 1376 808 aspera
1408 770 1494 797 cum
1527 757 1606 797 leni
1633 760 1669 796 et
1694 760 1810 807 pater

322 822 440 860 comis
455 834 541 860 cum
555 822 793 860 severissimo
812 825 1071 870 comparatur.
1106 819 1180 859 Hic
1202 820 1421 860 scholiasta
1439 819 1619 859 ostendit
1637 819 1809 859 alterum

323 886 480 936 patrem
505 896 659 924 comem
679 886 721 924 et
740 884 914 924 alterum
933 896 1118 924 severum
1148 883 1283 924 induci
1308 886 1418 924 ἕνεκα
1446 888 1514 924 τοῦ
1544 885 1809 924 ὅιαποικίλλειν

320 954 401 992 ταῖς
429 950 666 999 ἀντιρρήσεσι
702 950 747 987 τὰ
788 950 964 999 ὁράματα
994 948 1055 998 (cf.
1085 960 1209 1000 supra
1235 961 1271 1000 p.
1296 950 1344 988 16
1374 951 1417 988 et
1445 949 1507 998 23)
1545 950 1668 1000 atque
1701 949 1808 987 rect-e

323 1014 455 1052 totam
494 1025 684 1053 scaenam
723 1013 981 1065 amplectitur
1008 1013 1043 1052 is
1077 1013 1275 1065 interpres
1313 1013 1562 1053 aestheticus
1592 1012 1807 1061 (Graecus),

322 1077 392 1128 qui
416 1077 646 1129 obloquitur
673 1076 791 1116 alteri
820 1077 1028 1127 (Romano)
1049 1077 1091 1116 in
1110 1076 1235 1129 praes.
1254 1076 1311 1116 14
1339 1076 1441 1117 haec
1469 1076 1632 1117 dicenti:
1653 1077 1809 1128 primae

319 1146 453 1191 partes
470 1146 564 1182 sunt
590 1146 635 1182 ut
654 1143 814 1192 quidam
834 1146 981 1192 putant
1000 1143 1181 1185 Demeae,
1202 1146 1248 1182 ut
1266 1143 1425 1191 quidam
1444 1143 1539 1193 Syri
1557 1172 1566 1181 .
1584 1173 1593 1180 .
1614 1171 1622 1180 .
1650 1164 1704 1168 —
1729 1142 1807 1179 Ac-

323 1205 431 1245 cedit
449 1205 557 1257 quod
573 1205 685 1254 (Don.
706 1206 768 1246 43.
784 1206 821 1255 3)
830 1207 857 1256 1)
878 1205 1098 1246 Menander
1116 1205 1308 1246 laudatur
1322 1208 1445 1258 atque
1460 1206 1503 1245 in
1520 1205 1605 1245 fine
1620 1217 1806 1256 scaenae,

323 1282 416 1309 cum
443 1270 596 1309 Demea
624 1283 650 1310 a
677 1270 802 1310 fratre
833 1270 1138 1310 commendatus
1168 1269 1347 1320 advenit,
1379 1269 1610 1321 scholiasta,
1641 1269 1690 1309 de
1727 1281 1806 1320 quo

323 1347 446 1386 supra
465 1337 513 1386 (p.
534 1335 598 1383 21)
618 1334 743 1374 locuti
763 1347 915 1384 sumus,
946 1336 1053 1374 recte
1074 1334 1171 1373 dicit
1189 1334 1301 1382 (Don.
1325 1334 1387 1374 78.
1406 1335 1457 1383 1):
1476 1336 1559 1373 κατ’
1583 1335 1806 1383 οἰκονομίαν

321 1400 543 1449 supervenit
562 1428 570 1437 .
589 1430 599 1440 .
620 1428 628 1436 .

431 1473 574 1526 Itaque
595 1487 687 1514 cum
708 1473 862 1514 scholia
881 1474 1036 1515 Graeca
1064 1473 1262 1524 legantur,
1292 1473 1369 1513 hoc
1396 1475 1609 1513 teneamus
1639 1474 1806 1525 primam

319 1655 415 1677 arma
443 1645 529 1677 Ihnii
553 1644 793 1685 ‘Quaestiones
823 1643 1056 1677 Terentianae’
1087 1655 1119 1686 p.
1134 1644 1174 1677 31
1189 1654 1272 1686 sqq.,
1302 1644 1453 1676 Nencinii
1481 1644 1502 1676 l.
1524 1644 1545 1676 l.
1576 1654 1606 1686 p.
1626 1643 1804 1682 129—130,

322 1697 446 1730 Kaueri
469 1697 717 1739 (Dziatzko·K.)
742 1698 938 1740 Adelphoe'
964 1697 1096 1740 Lipsiae
1122 1697 1205 1730 1903
1226 1708 1257 1740 p.
1276 1697 1313 1729 11
1331 1707 1381 1740 sq.
1404 1715 1446 1720 —
1469 1697 1595 1729 Contra
1616 1696 1805 1730 Fielitzium

326 1750 433 1790 „Uber
454 1751 591 1793 Anfang
620 1751 689 1783 und
710 1751 805 1784 Ende
835 1751 893 1783 der
914 1750 1191 1783 Menandrischen
1213 1750 1406 1793 Adelphen“
1433 1749 1469 1783 in
1490 1750 1696 1783 Fleckeiseni
1726 1760 1802 1784 ann.

321 1805 386 1837 litt.
410 1805 538 1847 antiqu.
564 1804 648 1837 1868
676 1804 743 1837 vol.
766 1804 810 1837 97
832 1815 863 1847 p.
880 1804 1053 1837 675-682
1083 1804 1238 1837 conferas
1268 1813 1395 1846 quaeso
1418 1803 1449 1836 J.
1465 1804 1591 1837 Klasen
1612 1803 1731 1845 ‘Quam
1752 1814 1804 1837 ra-

320 1858 451 1890 tionem
465 1858 644 1890 Terentius
658 1858 693 1890 in
709 1858 947 1890 contaminatis
971 1868 1057 1900 quae
1073 1859 1238 1890 vocantur
1259 1858 1384 1890 fabulis
1405 1857 1646 1899 componendis
1668 1860 1805 1890 secutus

321 1921 397 1944 esse
418 1911 581 1944 videatur.
621 1911 728 1954 parsi
751 1921 838 1954 quae
860 1911 1033 1954 Adelphos
1061 1909 1304 1954 complectitur’
1329 1910 1459 1944 Rheine
1483 1910 1567 1944 1884
1589 1921 1621 1954 p.
1639 1911 1688 1951 16,
1707 1911 1747 1945 17
1769 1913 1805 1943 et

318 1965 367 1998 Fl.
382 1964 523 1998 Nencini
544 1965 566 1999 1.
582 1965 603 1998 l.
627 1976 659 2008 p.
674 1965 853 1999 130—132.
886 1965 1069 1998 Nencinius
1085 1975 1220 2009 quoque
1235 1965 1428 1998 Terentium
1444 1965 1629 1998 mutavisse
1645 1965 1803 2008 opinatus

319 2019 516 2061 principium
530 2019 771 2052 Meuandreum
786 2019 855 2052 tale
871 2030 946 2052 esse
960 2019 1035 2051 vult
1057 2019 1090 2061 (1.
1101 2019 1122 2051 l.
1138 2030 1169 2061 p.
1182 2019 1376 2061 132—134):
1401 2019 1414 2051 1
1430 2019 1535 2061 Syrus
1549 2021 1664 2051 narrat
1678 2018 1803 2061 raptio-

318 2083 396 2105 nem
412 2073 554 2115 puellae.
577 2072 607 2105 II
622 2072 827 2116 colloquium
842 2073 930 2105 inter
946 2073 1067 2116 Syrum
1082 2075 1118 2106 et
1132 2073 1319 2106 Micionem.
1353 2072 1399 2105 111
1413 2073 1565 2105 Micionis
1577 2072 1802 2115 soliloquium,

319 2127 378 2159 sed
408 2129 500 2159 recte
531 2128 649 2159 contra.
678 2137 756 2159 eum
778 2127 932 2160 Kauerus
954 2127 1270 2169 (Dziatzko-Kauer)
1292 2125 1491 2169 Adelphoe⁴³
1513 2137 1544 2169 p.
1563 2126 1603 2159 12
1631 2127 1707 2160 adn.
1724 2125 1746 2159 2
1767 2128 1803 2159 et

319 2180 442 2213 Schlee
470 2191 547 2214 ann.
578 2180 658 2223 phil.
680 2180 724 2213 93
753 2191 785 2223 p.
803 2180 866 2214 140
895 2180 1132 2214 disseruerunt.
1178 2180 1230 2214 Fr.
1248 2180 1376 2223 Kampe
1410 2179 1517 2219 „Uber
1546 2180 1599 2213 die
1627 2180 1803 2223 Adelphen

318 2234 379 2266 des
401 2234 547 2266 'Perenz‘
574 2235 665 2276 Burg
689 2234 772 2267 1902
794 2244 826 2276 p.
843 2234 863 2266 5
885 2235 919 2266 in
942 2234 1105 2276 principio
1128 2234 1265 2266 fabulae
1288 2234 1446 2273 Graecae.
1476 2234 1646 2275 dialogum
1675 2243 1802 2276 paucos

318 2296 436 2320 versus
451 2287 691 2327 continentem,
715 2297 815 2330 quem
838 2287 988 2320 habeant
1003 2287 1126 2320 Storax
1142 2288 1177 2319 et
1192 2287 1300 2326 Micio,
1323 2288 1394 2320 tum
1413 2287 1564 2320 Micionis
1587 2287 1802 2330 soliloquium

318 2340 424 2372 fuisse
447 2341 645 2383 suspicatur.

429 2405 450 2446 ¹)
474 2404 518 2438 01.
538 2405 626 2438 Don.
646 2405 709 2438 Ad.
724 2405 777 2439 43.
790 2405 821 2438 3.
843 2419 887 2431 =
909 2405 996 2439 Men.
1019 2405 1083 2447 frg.
1109 2405 1124 2437 1
1144 2405 1184 2437 Κ.
1208 2423 1249 2428 -
1272 2405 1323 2437 De
1352 2405 1504 2438 versibus
1526 2405 1588 2438 Ad.
1611 2405 1662 2438 57.
1683 2405 1735 2438 58.
1766 2406 1801 2437 et

317 2459 361 2491 72
375 2468 448 2500 sqq.
480 2460 516 2491 et
544 2459 744 2501 fragmentis
766 2459 940 2491 Menandri
969 2469 1022 2501 ap.
1048 2459 1143 2492 Stob.
1159 2458 1324 2491 me
1342 2458 1382 2491 12
1411 2460 1446 2491 et
1468 2457 1635 2491 LXXXIII
1649 2459 1670 2491 5
1704 2458 1800 2499 (Men.

316 2511 381 2554 frg.
404 2511 468 2544 663
483 2512 534 2553 Κ.)
557 2512 599 2546 cf.
616 2512 815 2545 Nencinium
838 2512 858 2545 1.
874 2512 895 2546 l.
914 2522 944 2555 p.
964 2512 1035 2545 136.
1080 2512 1130 2544 De
1156 2512 1209 2544 his
1239 2512 1348 2545 tribus
1369 2512 1568 2554 fragmentis
1595 2522 1671 2545 cum
1697 2511 1800 2545 versi-

317 2566 381 2598 bus
395 2565 606 2599 Terentianis
622 2566 754 2599 collatis
769 2566 901 2599 dubitat
923 2566 954 2599 J.
971 2566 1096 2599 Klasen
1118 2566 1140 2600 1.
1156 2566 1177 2600 l.
1201 2577 1231 2608 p.
1250 2566 1307 2605 12;
1330 2566 1389 2599 sed
1404 2566 1523 2598 iniuria
1539 2567 1631 2607 (item
1655 2567 1693 2599 G.
1709 2565 1800 2598 Jhne

316 2619 338 2651 1.
355 2619 375 2652 l.
399 2619 453 2660 28)
484 2619 525 2651 de
555 2619 640 2653 Don.
664 2619 727 2653 Ad.
742 2620 794 2653 43.
807 2620 838 2653 3.
883 2619 933 2653 Cf.
948 2620 1001 2654 Fr.
1016 2620 1147 2662 Kmpe
1170 2619 1193 2652 l.
1209 2620 1232 2652 l.
1255 2630 1286 2662 p.
1302 2619 1333 2652 4.
