2118 3040
845 176 1112 213 ...41-

238 284 449 325 Terentius
477 282 666 331 instituit,
697 284 744 321 ut
791 281 930 321 Sosiae
958 294 1172 333 personam
1201 295 1226 321 a
1254 295 1298 321 se
1326 282 1467 321 fictam
1497 283 1716 329 amoveret,

239 362 320 389 non
349 347 461 397 dixit,
501 345 572 386 sed
602 348 746 398 (usqua
774 345 826 385 ad
854 359 912 385 vs.
935 347 1022 397 167)
1059 345 1109 386 de
1137 345 1252 386 Davo
1282 358 1397 386 servo
1427 349 1469 386 et
1497 345 1546 385 de
1575 345 1717 385 timore

239 412 345 453 servi
372 411 516 451 nuntio
545 412 778 463 nuptiarum
805 411 1002 462 perterriti
1031 412 1268 461 (172-175)
1288 410 1448 451 locutus
1474 414 1550 461 est3
1579 411 1718 463 itaque

238 476 534 528 spectatoribus
549 476 803 515 ‘insinuatur'
824 475 975 524 Davus,
1005 477 1074 528 qui
1101 475 1304 515 inducitur
1330 476 1372 514 in
1401 488 1551 515 scaena
1579 475 1717 515 subse-

238 543 388 592 quente
429 541 515 579 1.2:
558 540 696 580 eodem
732 542 869 579 autem
907 540 1024 580 modo
1066 542 1107 579 in
1136 539 1346 580 Menandri
1380 540 1572 591 Adelphis
1600 540 1716 579 Micio

238 604 405 643 fratrem
437 604 631 642 Demeam
660 604 917 643 commendat
958 607 998 643 et
1043 607 1126 643 κατ’
1166 606 1390 654 οἰκονομίαν
1426 605 1646 655 supervenit
1673 605 1719 643 de

238 683 311 719 quo
339 683 460 709 sermo
488 673 553 718 est,
593 673 638 708 ut
660 668 775 718 factis
808 669 912 708 dicta
943 671 1195 708 ostendantur
1224 668 1334 716 (Don.
1345 667 1418 707 Ad.
1433 669 1493 707 78.
1508 669 1553 717 1).
1599 667 1719 718 Apud

239 733 341 772 Men.
352 732 473 771 Andr.
483 733 516 771 1.
528 733 551 770 2
576 731 698 782 igitur
715 746 793 772 non
812 734 963 773 recessit
980 735 1026 772 de
1044 734 1119 772 loco
1138 746 1255 772 senex
1264 746 1278 782 ,·
1297 734 1424 773 ‘sensi'
1442 733 1539 781 (Ter.
1556 745 1614 772 vs.
1628 732 1716 781 173)

237 811 349 848 erqo:
376 802 582 846 antequam
601 811 686 836 cum
699 798 813 837 Sosia
830 798 932 846 loqui
951 799 1127 846 coepisset
1147 796 1199 845 (id
1223 800 1287 835 est
1310 799 1405 836 ante
1426 809 1617 836 scaenam
1631 796 1658 835 1.
1670 798 1717 845 1).

240 860 341 910 Ergo
370 860 418 899 de
437 859 647 900 Menandri
666 859 818 899 Andria
845 859 951 899 idem
979 860 1244 899 statuendum
1274 862 1348 909 est,
1377 860 1483 912 quod
1507 860 1572 899 hic
1600 859 1717 899 scho-

238 925 360 964 liasta
389 924 609 972 (‘Donatus'
631 924 750 963 Andr.
773 925 858 963 173.
879 926 915 973 2)
944 925 1092 963 statuit
1111 924 1160 964 de
1176 925 1381 964 Terentio:
1409 925 1593 964 timorem
1612 925 1717 964 Davi

239 1001 364 1027 senex
393 990 488 1027 ante
517 987 769 1039 soliloquium
798 988 934 1027 sensit.

346 1052 390 1091 In
429 1065 577 1091 scaena
619 1052 685 1091 1.2
721 1052 942 1101 (Menandri
969 1053 995 1091 Ι.
1012 1053 1047 1102 2)
1078 1053 1291 1092 Terentius
1319 1051 1585 1092 Menandrum
1596 1054 1623 1102 1)
1653 1065 1716 1092 se-

238 1117 375 1167 quitur
402 1116 607 1165 (Dziatzko
635 1117 697 1155 Ι.1.
726 1129 761 1166 p.
782 1117 892 1165 244);
931 1116 982 1154 ad
1016 1130 1137 1167 quam
1167 1117 1385 1155 scholiasta
1412 1116 1478 1155 ille
1507 1117 1716 1156 scaenicus

209 1180 438 1221 'adnodatz
477 1180 724 1220 Don.175.1
763 1181 824 1221 hic
864 1182 965 1221 locus
1006 1185 1071 1232 est,
1113 1182 1158 1221 in
1200 1194 1272 1231 quo
1310 1182 1449 1221 Davus
1489 1182 1718 1222 insinuatur

238 1247 507 1294 spectatoribus
535 1248 656 1284 multa
683 1250 859 1296 yesturus
886 1245 945 1292 (cf.
956 1246 1055 1283 Don.
1070 1246 1156 1284 172.
1173 1247 1209 1293 2,
1237 1246 1338 1284 alter
1358 1245 1577 1284 scholiasta
1594 1247 1714 1283 1721

240 1312 303 1347 est
340 1308 446 1347 idem
489 1321 537 1347 ac
582 1308 652 1347 Ph.
672 1308 734 1347 50.
750 1309 798 1358 3).
859 1307 993 1347 Senex
1038 1311 1252 1360 postquam
1288 1308 1447 1348 Davum
1493 1308 1715 1358 admonuit,

239 1385 289 1411 ne
317 1373 481 1424 nuptias
509 1373 583 1411 filii
596 1374 622 1421 2)
660 1373 852 1422 turbaret,
892 1372 944 1411 ad
977 1373 1106 1411 forum
1140 1373 1243 1422 abit3
1281 1375 1369 1411 tum
1402 1373 1444 1412 in
1473 1386 1622 1412 scaena
1649 1374 1675 1412 Ι.
1691 1374 1716 1412 3

241 1436 462 1485 (Menandri
475 1438 500 1484 ⁸)
540 1439 580 1475 et
618 1436 791 1486 Terenti)
829 1438 950 1477 brevis
987 1441 1022 1476 et
1060 1438 1201 1477 comica
1238 1438 1455 1477 deliberatio
1492 1442 1546 1477 est
1575 1450 1720 1489 mayna·

238 1503 513 1552 exspectatione
534 1503 721 1552 populum
750 1516 880 1542 rerum
897 1503 1185 1542 imminentium
1205 1503 1477 1552 commotura,⁴)
1503 1503 1715 1543 aestuantis

238 1566 347 1606 Davi
383 1567 680 1606 consideratione
710 1567 907 1617 proposita
947 1565 1079 1614 (schol.
1099 1566 1219 1605 Andr.
1240 1566 1392 1614 2001).
1447 1567 1581 1618 Atque
1609 1566 1715 1606 idem

239 1631 456 1671 scholiasta
485 1631 730 1670 aestheticus
759 1631 824 1671 vel
852 1632 1058 1670 scaenicus
1088 1631 1274 1671 occurrit:

347 1748 367 1789 ¹)
392 1748 440 1782 Cf.
464 1749 548 1782 Don.
565 1749 666 1781 Andr.
683 1748 756 1782 204.
768 1747 854 1780 4-ss
886 1763 929 1774 =
962 1748 1047 1780 Men.
1064 1748 1148 1790 frag.
1175 1748 1218 1781 38
1253 1748 1359 1781 Kock.
1406 1748 1472 1781 Sed
1505 1759 1580 1781 cum
1614 1759 1715 1791 quae-

238 1802 388 1834 rentibus
418 1803 459 1834 de
489 1802 611 1834 fabulis
643 1802 879 1834 contaminatis
901 1802 1036 1833 Terenti
1061 1812 1192 1833 summa
1215 1802 1372 1833 cautione
1400 1811 1484 1843 opus
1507 1802 1551 1834 sit
1572 1802 1607 1834 in
1630 1803 1716 1834 affe-

237 1854 348 1887 rendis
376 1855 575 1897 fragmentis
605 1857 639 1887 et
668 1855 812 1887 maxime
842 1855 877 1886 in
907 1855 963 1894 eis,
996 1865 1081 1897 quae
1110 1854 1283 1896 vulgarem
1311 1855 1513 1887 sententiam
1543 1856 1714 1898 praebent,

238 1907 494 1941 fundamentum
517 1909 735 1951 disputationi
756 1911 893 1941 nostrae
915 1909 1105 1950 fragmenta
1126 1919 1196 1941 non
1218 1910 1441 1941 substruimus
1463 1909 1527 1942 nisi
1549 1920 1598 1948 ea,
1630 1920 1716 1952 quae

239 1971 281 1992 ex
303 1963 395 1994 certa
411 1963 554 2004 quadam
569 1963 685 1995 fabula
696 1963 906 1998 Menandrea.
931 1963 1025 1995 cuius
1039 1972 1163 1995 nomen
1178 1972 1247 1995 non
1261 1963 1463 2004 ignoramus,
1487 1964 1568 1995 sunt
1582 1963 1714 1996 hausta.

346 2014 368 2057 Ξ)
392 2015 647 2059 Expositionem
662 2016 798 2049 Terenti
819 2027 888 2049 non
909 2017 1083 2050 laudamus
1107 2016 1155 2059 (ut
1169 2017 1208 2050 A.
1226 2017 1379 2059 Spengel,
1392 2016 1517 2049 Andria
1525 2018 1548 2056 ²,
1571 2017 1716 2050 Berolini

241 2068 324 2099 1888
345 2079 376 2109 p.
392 2069 506 2108 XV111.
539 2071 576 2103 G.
594 2070 708 2111 Regel,
737 2070 882 2108 „Terenz
905 2071 950 2102 im
963 2070 1154 2103 Verhaltnis
1185 2081 1227 2102 zu
1257 2070 1371 2103 seinen
1393 2071 1624 2112 griechischen
1647 2071 1716 2102 Ori·

238 2119 403 2162 ginalen“,
427 2122 541 2165 Progr.
554 2123 706 2156 Wetzlar
723 2123 807 2156 1884
828 2134 860 2166 p.
876 2124 923 2165 4);
946 2134 1024 2156 nam
1046 2123 1080 2156 id
1103 2124 1193 2166 quod
1210 2124 1301 2157 Simo
1324 2124 1359 2156 in
1382 2123 1487 2166 prima
1510 2134 1631 2156 scaena
1654 2125 1714 2156 So-

237 2174 308 2206 siae
330 2176 474 2208 maxime
496 2177 714 2209 mandaverat
736 2178 777 2209 de
791 2177 888 2209 Davo
913 2178 953 2218 (v.
972 2177 1055 2218 168),
1076 2178 1111 2209 111
1126 2187 1247 2210 scaena
1263 2178 1286 2209 Ι.
1298 2177 1319 2209 2
1341 2178 1413 2219 ipse
1428 2178 1560 2219 repetit,
1584 2180 1621 2209 ut
1636 2180 1715 2219 post

238 2236 395 2259 scaenam
416 2228 441 2260 I.
454 2229 474 2260 2
497 2240 620 2262 scaena
641 2231 696 2262 Ι.1
722 2240 828 2272 paene
851 2240 1059 2272 supervacua
1073 2231 1237 2269 videatur,
1276 2241 1351 2262 cum
1373 2230 1455 2262 nihil
1477 2231 1557 2262 novi
1579 2231 1713 2262 afferat.

240 2280 346 2320 Quam
367 2280 401 2312 in
423 2281 706 2324 vituperationem
730 2294 852 2316 scaena
873 2284 896 2316 Ι.
909 2284 930 2315 2
945 2284 1117 2316 Menandri
1140 2286 1218 2326 post
1240 2284 1454 2326 soliloquium
1478 2285 1623 2317 Simonis
1644 2294 1713 2316 non

239 2334 385 2367 incurrit.

346 2387 368 2428 3)
391 2386 441 2419 Ne
470 2388 697 2430 fragmentum
725 2390 769 2422 48
783 2390 823 2423 K.
855 2401 923 2422 non
953 2391 1119 2432 pertineat
1147 2391 1191 2423 ad
1213 2401 1262 2424 vs.
1278 2391 1343 2423 218
1364 2401 1491 2423 vereor.
1536 2391 1624 2423 Puto
1648 2390 1714 2422 hoc

238 2440 313 2473 loco
336 2440 554 2474 Menandrum
574 2445 812 2484 παρονομασίας
834 2445 979 2486 figuram
1001 2444 1202 2484 adhibuisse,
1233 2455 1333 2487 quam
1355 2444 1505 2477 imitatur
1526 2443 1713 2483 Terentius,

239 2495 412 2535 praeterea
433 2495 475 2527 cf.
492 2495 526 2528 C.
542 2496 707 2529 Dziatzko
730 2498 751 2530 1.
767 2498 788 2529 1.
811 2508 842 2539 p.
858 2498 931 2531 241.

345 2546 369 2587 ⁴)
391 2547 497 2580 Recte
519 2549 690 2583 confertur
713 2551 778 2584 hoc
808 2551 912 2584 schol.
943 2551 986 2583 ad
1009 2551 1112 2594 Soph.
1129 2552 1180 2585 Ai.
1204 2562 1253 2584 vs.
1268 2552 1305 2584 6:
1344 2570 1383 2575 —-
1419 2549 1583 2591 προσοχὴν
1606 2549 1641 2582 δὲ
1663 2550 1714 2591 ἐρ-

237 2600 360 2641 γάζεται
383 2606 428 2641 τῷ
451 2601 593 2642 ἀκροατῇ
615 2604 687 2643 περὶ
710 2609 774 2636 τῶν
789 2606 1077 2645 δηλαηῖησομένων.
