2118 3040
927 175 1197 214 -66-

317 281 523 332 significet
551 294 710 320 omnem
746 294 937 320 scaenam
965 282 1008 321 II.
1030 283 1067 331 2,
1106 282 1147 320 in
1187 281 1466 333 quaestionem
1495 293 1639 323 vocare
1675 281 1805 320 liceat.

317 345 422 385 Nam
456 346 491 385 si
519 345 638 385 ‘tollas
676 358 890 397 personam
920 345 1162 396 Gnathonis,
1200 358 1279 397 quo
1317 344 1434 385 modo
1471 345 1616 397 puella,
1654 344 1805 385 donum

318 409 466 457 militis,
501 409 553 447 ad
582 409 833 448 meretricem
862 408 1033 448 ducatur
1069 421 1314 461 quamquam
1344 408 1467 448 variis
1504 409 1689 458 cogitatis
1727 421 1803 448 au—

316 473 461 523 spicari
488 473 630 524 possis,
665 475 805 512 tamen
834 473 883 511 de
911 472 1174 522 Parmenone,
1205 473 1239 510 si
1268 485 1359 511 eum
1388 473 1511 511 etiam
1538 473 1579 511 in
1607 472 1802 512 Eunucho

316 535 561 576 Menandrea
589 536 720 576 locum
750 549 832 576 non
858 536 1050 575 habuisse
1068 535 1231 586 iudices,
1262 538 1335 576 aut
1354 535 1503 576 nodum
1523 538 1666 576 nectas
1684 536 1800 576 inex·

315 600 541 640 tricabilem
569 602 642 640 aut
670 613 821 640 novam
848 599 1032 640 fabulam
1060 602 1233 649 statuas,
1264 613 1346 640 non
1376 600 1615 640 Eunuchum
1633 600 1801 640 Menan-

316 663 452 705 dream
490 665 696 705 restituas.
751 664 853 716 Ergo
883 664 1144 705 Gnathonem
1180 678 1265 704 una
1302 678 1394 705 cum
1431 665 1682 705 Parmenone
1695 666 1721 715 1)
1759 665 1801 704 in
1814 671 1824 682 ⁸

315 729 393 768 hac
420 728 605 769 Eunuchi
632 729 903 769 Menandreae
932 741 1083 769 scaena
1110 729 1235 769 fuisse
1264 730 1469 769 coniciam.
1525 729 1597 769 Cui
1625 729 1801 781 opinioni

313 794 557 845 patrocinari
584 794 755 843 videtur,
794 794 901 845 quod
938 793 1005 833 ille
1044 793 1263 834 scholiasta
1291 795 1539 834 aestheticus
1574 794 1689 833 nobis
1718 805 1801 832 non

313 858 454 909 paucis
483 858 580 897 locis
601 859 783 907 occurrit,
813 857 861 897 cf.
882 858 1003 897 schol.
1024 859 1115 906 274,
1146 858 1194 897 de
1214 871 1292 910 quo
1313 871 1435 910 supra
1454 860 1502 909 (p.
1517 859 1581 908 35)
1602 857 1799 908 longiores

312 921 476 973 suimus,
498 925 545 962 ut
560 921 757 962 Graecum
780 935 869 962 esse
890 935 1232 972 cognosceremus.
1276 923 1428 961 Versus
1448 923 1660 962 233—265
1680 923 1800 972 igitur

312 986 420 1025 solos
449 998 500 1025 ex
529 986 682 1026 Colacis
711 986 854 1026 fabula
880 986 1046 1025 fluxisse
1075 988 1199 1037 atque
1227 985 1320 1025 inde
1348 999 1374 1025 a
1403 998 1523 1025 versu
1552 987 1630 1025 265
1650 986 1799 1025 Teren-

310 1050 414 1089 tium
442 1049 652 1094 Menandri
679 1050 920 1090 Eunuchum
949 1051 1134 1090 secutum
1168 1063 1257 1090 esse
1286 1050 1436 1090 Fabiae
1465 1050 1589 1089 etiam
1616 1049 1798 1100 vestigiis

311 1114 504 1154 insistens
515 1116 542 1164 ²)
573 1115 782 1155 contendo.
824 1115 870 1154 In
898 1114 1094 1154 Eunucho
1113 1114 1362 1154 Menandrea
1390 1116 1528 1154 autem
1556 1116 1650 1166 post
1678 1114 1798 1154 breve

311 1178 568 1230 soliloquium
604 1179 784 1231 parasiti,
822 1192 892 1231 pro
932 1192 1011 1231 quo
1050 1179 1269 1229 longiorem
1302 1179 1576 1219 narrationem
1604 1191 1626 1217 e
1655 1178 1798 1218 Colace

311 1244 504 1282 haustam
532 1243 745 1283 Terentius
783 1243 930 1295 posuit,
969 1243 1062 1282 inde
1092 1257 1118 1283 a
1144 1256 1267 1282 versu
1295 1243 1374 1282 270
1407 1243 1644 1295 principium
1670 1241 1800 1282 fuisse

310 1306 459 1357 dialogi
495 1307 601 1347 inter
637 1306 896 1347 Gnathonem
934 1310 976 1347 et
1012 1307 1304 1347 Parmenonem
1343 1307 1473 1347 habiti
1510 1307 1598 1347 ideo
1637 1319 1796 1356 censeo,

311 1371 419 1422 quod
447 1371 641 1411 adscribit
669 1372 891 1412 scholiasta
910 1371 1159 1411 aestheticus
1189 1371 1478 1423 scaenicusque
1507 1372 1608 1420 (271.
1625 1372 1678 1420 2):
1705 1372 1798 1412 haec

311 1440 392 1477 tota
419 1438 558 1477 locutio
580 1437 819 1488 parasiticae
846 1438 1052 1488 eleqantiae
1080 1441 1116 1477 et
1143 1438 1259 1478 simul
1286 1438 1379 1486 εἴρω
1394 1437 1487 1476 niae
1507 1439 1629 1488 plena
1656 1440 1737 1476 est.
1758 1467 1766 1475 .
1779 1466 1796 1476 ,.

419 1510 595 1560 Gnatho,
626 1513 843 1563 postquam
863 1511 1114 1564 Pamphilam
1143 1511 1311 1560 induxit,
1340 1511 1443 1550 redit
1471 1510 1523 1550 ad
1547 1511 1795 1550 Thrasonem

309 1576 368 1623 (cf.
388 1588 447 1614 vs.
464 1576 572 1626 391);
597 1575 806 1625 Parmeno,
829 1576 896 1627 qui
915 1575 956 1614 in
977 1587 1124 1615 scaena
1143 1578 1282 1625 restat,
1304 1575 1560 1615 commendat
1575 1574 1794 1615 Chaeream

308 1639 500 1687 (cf.schol.
512 1634 645 1688 291.1)
666 1642 946 1691 properantem
955 1641 992 1684 ³).
1018 1640 1062 1678 ΙΙ.
1073 1641 1108 1678 3.
1123 1640 1333 1678 Terentius
1346 1640 1433 1678 sine
1450 1639 1570 1678 dubio
1586 1638 1795 1678 Menandri

306 1716 499 1743 scaenam
528 1717 644 1744 suam
673 1704 780 1744 facit.
822 1703 1010 1754 Legimus
1044 1704 1165 1754 igitur
1198 1703 1459 1744 scholiastam
1486 1702 1792 1744 Menandreum:

306 1769 396 1807 292.
414 1770 454 1819 1;
482 1771 706 1820 praeterea:
725 1770 824 1819 πρὸς
837 1770 881 1808 τὸ
895 1770 1061 1808 πιθανόν
1079 1768 1180 1808 Eun.
1195 1769 1284 1807 296.
1300 1769 1337 1817 2,
1358 1769 1446 1807 360.
1466 1769 1504 1817 1;
1530 1773 1587 1818 τῷ
1602 1770 1793 1818 ἀστεϊσμῷ

306 1833 396 1871 342.
414 1833 450 1872 2.
478 1833 538 1872 De
558 1832 679 1872 schol.
699 1833 788 1872 356.
804 1833 828 1872 3
859 1835 901 1873 et
920 1833 1009 1873 370.
1029 1834 1048 1871 1
1079 1832 1127 1872 cf.
1147 1845 1269 1884 supra
1287 1846 1323 1885 p.
1343 1833 1411 1883 223
1431 1834 1632 1883 οἰκονομία
1651 1832 1741 1872 359.
1757 1833 1792 1872 2.

415 1896 513 1936 Cum
542 1900 664 1948 poeta
691 1912 820 1937 omnes
848 1900 1018 1948 quinque
1046 1902 1153 1938 actus
1177 1899 1278 1938 velut
1295 1911 1422 1938 unum
1439 1897 1536 1946 fieri
1563 1896 1675 1944 (Don.
1690 1896 1791 1935 Eun.

306 1960 429 2013 praef.
448 1963 479 2002 Ι.
494 1962 532 2011 5)
552 1961 662 2012 velit,
682 1974 791 2002 nunc
810 1962 944 2013 aliquo
965 1961 1097 2013 spatio
1112 1962 1313 2012 temporis,
1343 1974 1422 2013 quo
1442 1962 1599 2001 vestem
1619 1961 1792 2000 eunuchi
1870 2002 1873 2005 ,

304 2025 487 2065 Chaerea
519 2026 675 2075 induat,
706 2039 807 2078 opus
837 2028 909 2065 est.
967 2026 1079 2074 Quod
1109 2025 1269 2077 quidem
1297 2038 1447 2065 scaena
1473 2025 1535 2064 HI.
1553 2026 1574 2064 1
1605 2024 1789 2074 efficitur,

303 2090 345 2128 in
374 2102 456 2141 qua
484 2090 638 2130 Thraso
676 2092 718 2129 et
755 2089 918 2130 Gnatho
955 2091 1224 2138 revertuntur,
1263 2092 1310 2129 ut
1338 2088 1533 2128 Thaidem
1569 2090 1610 2128 in
1649 2101 1790 2128 cenam

411 2283 434 2324 ¹)
456 2283 676 2315 Menandrum
706 2293 774 2315 non
808 2283 912 2316 semel
946 2283 1086 2315 militem
1116 2292 1193 2315 cum
1221 2282 1369 2325 parasito
1400 2282 1571 2315 induxisse
1605 2282 1716 2315 elucet
1747 2288 1789 2316 ex

301 2337 435 2376 fabulis,
459 2348 546 2379 quae
568 2337 795 2370 inscribuntur
817 2337 872 2372 Δὶς
895 2337 1062 2373 ἐξαπατῶν
1086 2339 1121 2369 et
1143 2337 1335 2371 Σικυώνιος.

410 2391 432 2432 ²)
455 2390 517 2423 Ph.
534 2391 638 2423 Fabia
661 2390 736 2432 (1.1.)
759 2392 852 2423 totas
874 2400 1039 2433 personas
1061 2391 1176 2423 militis
1198 2392 1233 2423 et
1255 2390 1393 2432 parasiti
1409 2400 1484 2423 esse
1499 2390 1629 2423 Colacis
1651 2390 1788 2423 fabulae

301 2446 395 2477 ratus
418 2444 598 2486 dialogum,
624 2445 681 2487 qui
703 2445 779 2477 inde
802 2456 823 2476 a
845 2454 946 2477 versu
969 2444 1034 2477 270
1056 2444 1217 2486 sequitur,
1248 2444 1338 2486 apud
1361 2444 1579 2476 Menandrum
1603 2453 1677 2476 esse
1699 2445 1788 2476 servi

300 2497 473 2530 cuiusdam
497 2500 532 2530 et
554 2498 774 2530 Parmenonis
797 2500 905 2539 putat.

409 2551 432 2593 ³)
455 2551 508 2584 Ad
523 2551 609 2585 Don.
626 2551 710 2585 Eun.
723 2551 803 2584 289:
827 2562 893 2585 mm
902 2554 1008 2594 potest
1023 2551 1190 2585 Terentiae
1211 2552 1365 2592 τρόφιμον
1380 2551 1482 2584 dicere
1497 2551 1539 2583 cf.
1552 2551 1654 2583 Andr.
1667 2550 1740 2584 602.
1754 2551 1784 2589 3,

301 2615 369 2647 quo
393 2615 435 2637 ex
458 2605 533 2637 loco
557 2605 708 2637 manavit
730 2605 791 2638 Ph.
809 2606 909 2644 39.1;
933 2606 975 2638 cf.
993 2606 1078 2638 Men.
1096 2604 1218 2645 Ἐπιτρ.
1238 2605 1309 2637 160.
