2118 3040
829 184 1097 224 ...55—

232 306 422 335 scaenam
449 292 492 331 in
519 291 754 331 universum
782 291 1069 331 Menandream
1097 291 1139 330 in
1176 290 1344 330 dubium
1376 289 1601 341 vocandam
1631 302 1712 329 non

231 372 334 409 esse,
364 357 509 409 quippe
538 369 642 408 quae
662 357 815 407 optima
833 356 1012 395 animum
1030 368 1126 395 vere
1141 355 1339 396 Graecum
1359 355 1492 406 spiret.
1531 355 1711 394 Primum

232 423 339 463 enim
374 422 496 471 μέρος
533 418 753 460 secundum
789 419 934 459 Leonis
971 420 1229 471 praeceptum
1267 431 1292 458 a
1328 418 1536 470 soliloquio
1573 418 1713 470 incipit

231 488 354 536 atque
380 496 427 523 eo
448 485 567 534 senis,
597 497 693 523 nam
713 484 826 532 (Don.
845 483 918 523 Ad.
940 484 1027 522 719.
1050 484 1085 532 1)
1114 485 1234 524 moris
1261 487 1315 523 est
1332 497 1454 523 secum
1481 484 1585 533 loqui
1602 496 1711 523 senes

230 550 288 589 vel
314 548 484 587 maoeime
518 548 666 597 aziqmd
699 560 748 587 ex
784 549 913 587 animo
949 551 1114 598 ayentea
1168 545 1321 586 Deinde
1361 546 1483 585 etiam
1522 558 1711 585 scaenam

229 613 296 653 1.1
326 624 417 651 cum
444 611 626 663 proxima
654 612 741 651 arte
771 610 1027 650 coniunctam
1066 623 1155 650 esse
1191 609 1490 650 concedendum
1520 612 1592 650 est.
1648 609 1711 648 Ad

231 689 321 715 eam
350 687 509 727 quoque
537 676 707 713 occurrit
735 674 955 714 scholiasta
981 677 1121 713 noster
1147 674 1375 713 scaenicus:

337 740 367 780 Ι.
383 739 418 778 2.
462 738 574 788 (Don.
594 739 708 788 81.1)
737 740 782 780 in
808 739 877 779 hoc
904 743 993 779 acta
1020 740 1162 779 diversi
1188 739 1371 789 homines,
1401 738 1545 779 diversi
1563 742 1711 789 patres,

230 806 382 844 diversa
415 805 545 843 studia
567 807 860 853 proponuntur:
886 803 948 842 hic
974 804 1071 842 lenis
1097 803 1160 842 hic
1187 816 1358 852 amaras,
1385 803 1447 842 hic
1472 803 1623 852 facetus
1649 803 1713 841 hic

230 869 437 918 impolitus,
465 867 526 906 hic
551 868 681 918 sacili-s·
707 867 770 907 hic
790 868 981 918 pertinax
1003 871 1039 907 et
1065 866 1237 917 diffindi-3
1264 868 1309 907 in
1336 867 1489 908 delictis.
1545 865 1711 905 Praeter

230 933 319 982 hoc,
348 930 454 983 quod
472 931 618 981 legitur
637 931 816 970 scholion
835 930 1071 980 ‘Graecum’,
1098 943 1287 970 scaenam
1305 931 1593 970 Menandream
1617 943 1708 970 esse

231 996 451 1036 scholiasta
470 996 569 1035 81.2
590 1008 748 1047 quoque
768 994 1041 1041 demonstrare
1070 997 1217 1047 potest,
1247 996 1315 1046 qui
1342 994 1391 1034 de
1419 995 1555 1047 primis
1574 994 1710 1034 verbis

231 1061 393 1099 Terenti
423 1062 492 1107 (vs.
512 1061 575 1108 81)
603 1059 770 1099 iudicat:
798 1061 935 1100 melius
962 1073 1079 1110 quam
1107 1060 1338 1109 Menander,
1375 1062 1475 1109 quod
1511 1061 1573 1099 hic
1598 1061 1708 1100 ulum

230 1127 282 1166 ad
301 1126 476 1176 iurgium
493 1126 769 1175 promptiorem
796 1138 913 1174 quam
936 1127 1212 1165 resalutantem
1238 1125 1345 1174 facit.
1393 1123 1497 1173 Ergo
1518 1136 1708 1163 scaenam

229 1189 257 1229 Ι.
273 1189 296 1227 2
327 1200 416 1228 esse
445 1188 732 1228 Menandream
759 1188 841 1228 iam
870 1201 892 1227 e
922 1188 1070 1228 Donati
1103 1190 1328 1227 commento
1358 1188 1506 1238 elucet3
1543 1186 1593 1227 de
1627 1200 1711 1240 qua

231 1253 392 1305 quidem
420 1265 559 1292 omnes
587 1253 663 1291 viri
692 1253 809 1303 docti,
840 1253 907 1304 qui
936 1253 984 1291 de
1013 1253 1175 1291 Terenti
1202 1252 1382 1292 fontibus
1420 1253 1708 1301 disseruerunt,

231 1317 520 1367 consentirent,
559 1317 637 1356 nisi
671 1316 899 1356 sententiae
928 1317 976 1355 de
1013 1317 1353 1356 contaminatione
1390 1329 1564 1355 scaenae
1600 1317 1708 1355 inse-

230 1381 392 1433 quentis
407 1381 452 1420 H.
466 1382 487 1420 1
509 1381 562 1420 ab
578 1381 635 1420 eis
649 1380 830 1433 prolatae
850 1381 906 1420 sio
924 1380 1155 1432 probandae
1176 1382 1299 1421 esset:
1319 1380 1427 1420 locos
1442 1380 1709 1420 Menandreos

231 1446 353 1486 etiam
380 1445 423 1485 in
442 1446 537 1485 actu
556 1445 573 1485 I
592 1458 618 1485 a
637 1445 823 1486 Terentio
843 1457 932 1485 esse
952 1446 1143 1485 mutatos.
1190 1444 1478 1496 Aggrediamur
1504 1445 1627 1497 igitur
1655 1444 1707 1484 ad

231 1511 487 1561 quaestiones
517 1511 565 1549 de
595 1523 743 1549 scaena
761 1510 805 1549 H.
823 1512 844 1548 1
874 1510 1096 1549 habendas.

336 1574 371 1613 H
390 1575 422 1614 1.
455 1573 637 1613 Adnotat
662 1573 881 1613 scholiasta
899 1573 1104 1613 ‘Graecus’
1127 1574 1238 1622 (Don.
1251 1573 1324 1613 Ad.
1335 1574 1465 1623 1552)
1495 1574 1557 1614 hic
1583 1587 1708 1614 exem-

223 1640 335 1689 plam
364 1643 419 1678 est
447 1639 706 1679 contumeliosi
727 1652 801 1689 per
820 1638 1036 1688 potentiam
1063 1639 1196 1678 ditatis
1223 1643 1259 1678 et
1285 1639 1329 1677 in
1353 1639 1566 1688 perniciem
1593 1651 1707 1678 suam

223 1703 415 1754 pauperis
442 1703 683 1743 contumacis.
712 1725 765 1730 —
792 1700 917 1741 Estne
945 1701 1022 1741 hoc
1049 1703 1331 1751 argumentum
1359 1714 1535 1741 scaenae>
1555 1701 1705 1741 Teren-

229 1766 397 1806 tianae?
443 1766 488 1805 In
513 1779 595 1817 qua
622 1766 782 1819 quidem
802 1765 1027 1805 Aeschinus
1045 1767 1205 1817 raptam
1233 1767 1481 1805 meretricem
1500 1765 1706 1804 Sannione

228 1831 490 1870 vehementer
517 1830 730 1882 populares
759 1830 994 1870 obsecrante
1032 1829 1194 1870 domum
1233 1830 1352 1880 ducit,
1391 1832 1480 1869 tum
1507 1830 1706 1870 Parmeno

229 1894 382 1935 mulcat
408 1894 605 1935 lenonem.
642 1894 701 1933 De
720 1894 926 1934 meretrice
946 1896 1094 1942 autem,
1123 1907 1227 1947 quae
1246 1895 1287 1934 in
1316 1907 1507 1934 scaenam
1535 1894 1704 1943 ducitur,

229 1962 272 2000 et
299 1959 347 1999 de
362 1960 611 1999 Parmenone
631 1972 760 2010 servo,
787 1960 855 2011 qui
873 1960 1058 2000 lenonem
1078 1960 1223 2012 pugnis
1242 1960 1361 1999 nimis
1381 1972 1522 2011 aspere
1541 1961 1703 2008 tractat,

228 2024 327 2063 nihil
347 2024 441 2063 dicit
461 2024 680 2064 scholiasta
704 2024 772 2075 qui
793 2026 857 2063 est
877 2023 928 2063 ad
947 2025 1183 2076 principium
1202 2037 1384 2063 scaenae.
1423 2024 1526 2073 Quid
1545 2024 1704 2063 mirum!

228 2087 332 2127 Nam
350 2101 542 2140 personas
571 2088 830 2127 Parmenonis
842 2089 868 2138 1)
898 2090 940 2128 et
954 2088 1169 2128 Sannionis
1187 2089 1264 2128 hoc
1281 2088 1367 2128 loco
1387 2101 1415 2127 v
1426 2101 1486 2140 ap
1497 2088 1621 2127 ulan
1632 2088 1704 2127 tis

229 2152 439 2193 Terentius
468 2140 671 2205 Diphilum
700 2155 864 2192 secutus
891 2152 1100 2192 Menandri
1127 2152 1291 2193 fabulae
1320 2153 1416 2201 (Ter.
1445 2152 1538 2205 prol.
1558 2154 1702 2201 6—11)

229 2216 394 2268 addidit,
423 2217 463 2256 id
501 2216 607 2268 quod
634 2217 710 2256 viri
738 2217 843 2256 docti
869 2230 891 2256 e
913 2217 1090 2257 Terentii
1117 2217 1345 2257 comoediae
1374 2219 1486 2257 statu
1514 2220 1557 2257 et
1584 2229 1701 2256 oeco-

227 2281 365 2320 nomia
393 2283 676 2332 cognoverunt.
723 2280 827 2320 Nam
856 2294 1101 2333 quamquam
1130 2281 1311 2321 oblivisci
1338 2294 1420 2321 non
1447 2281 1540 2321 licet
1570 2280 1702 2329 (schol.

337 2398 358 2439 ι)
383 2399 432 2431 Cf.
455 2399 625 2431 Kauerum
640 2399 709 2440 (Dz.
725 2398 777 2439 K.)
793 2399 872 2432 Ad!
893 2409 925 2441 p.
944 2399 981 2431 11
997 2408 1047 2441 sq.
1064 2400 1099 2431 et
1116 2399 1156 2431 14
1177 2399 1252 2432 adn.
1279 2400 1294 2431 l
1320 2401 1355 2431 et
1375 2399 1406 2432 2.
1443 2399 1518 2431 Non
1536 2397 1703 2430 assentior

228 2449 401 2492 Nencinio,
432 2453 489 2495 qui
519 2453 719 2485 Grauertum
749 2452 778 2492 (l.
800 2452 823 2484 l.
845 2451 907 2484 129
922 2453 1005 2495 sqq.)
1035 2454 1071 2485 et
1100 2452 1134 2486 C.
1149 2453 1185 2485 F.
1201 2453 1428 2485 Hermannum
1457 2454 1592 2484 secutus
1622 2451 1703 2484 dicit

228 2502 299 2544 (1.1.
321 2513 354 2545 p.
372 2505 458 2546 136):
481 2504 570 2538 ‘nam
591 2505 669 2538 leno
693 2505 804 2538 nullus
832 2505 899 2538 fuit
927 2505 1017 2548 apud
1046 2505 1284 2545 Menandrum’,
1316 2507 1407 2538 recte
1434 2505 1521 2537 enim
1550 2505 1702 2537 affirmat

229 2557 260 2590 J.
275 2556 402 2590 Klasen
417 2559 438 2592 l.
451 2560 472 2593 l.
495 2571 525 2602 p.
542 2560 564 2592 9
587 2560 697 2601 (Jhnio
714 2560 735 2593 l.
751 2560 772 2592 1.
795 2570 827 2602 p.
843 2560 885 2593 27
908 2570 944 2593 se
966 2560 1150 2603 applicans)
1171 2560 1302 2593 lenonis
1324 2569 1501 2602 personam
1515 2559 1549 2591 in
1565 2559 1702 2592 Menan-

229 2610 307 2642 drea
330 2620 465 2654 quoque
486 2613 601 2646 fabula
622 2613 734 2646 locum
757 2613 924 2647 habuisse.
