2118 3040
961 212 1229 252 -48-

353 319 510 359 veniens
537 319 583 358 de
609 319 772 370 negotiis
804 319 887 359 eius
922 320 1104 370 loquitur,
1138 320 1269 360 abiens
1303 321 1350 360 de
1376 320 1513 360 morbo.
1560 325 1595 361 et
1630 321 1721 361 haeaec
1747 325 1839 361 sunt

348 388 507 432 praeter
533 384 758 432 οἰκονομίαν
786 397 884 433 quae
910 385 1097 424 dicuntur
1124 386 1331 434 εὑρήματα.

461 457 631 497 Poetam
656 459 795 497 autem
814 459 1028 508 εὗρετικῶς,
1056 458 1080 498 i.
1101 470 1133 498 e.
1155 472 1230 509 per
1246 460 1515 510 inventionem,
1543 461 1594 500 ad
1614 461 1839 511 οἰκονομίαν

353 523 516 572 facetiae
534 523 683 572 aliquid
710 524 850 562 addere
876 525 1171 563 commentator
1187 523 1269 563 iam
1289 524 1341 563 ad
1362 536 1553 564 scaenam
1580 524 1608 564 I.
1628 525 1653 563 4
1683 525 1837 573 (228.1)

354 584 568 637 adscripsit
587 586 647 634 (cf.
667 598 790 638 supra
807 599 843 638 p.
867 587 941 635 19),
971 599 1133 638 prorsus
1153 586 1296 627 eadem
1320 587 1542 628 scholiasta
1559 587 1736 628 locorum
1754 601 1837 628 non

353 650 701 700 Menandreorum,
731 650 877 702 quippe
898 651 967 701 qui
986 651 1035 689 de
1063 650 1140 690 hac
1158 663 1202 689 re
1231 664 1300 702 per
1318 652 1580 692 scholiastam
1607 651 1837 691 fabularum

354 715 528 767 priorum
558 714 701 754 doctus
730 713 834 765 sit;¹)
865 715 910 755 cf.
931 715 1030 755 Don.
1050 715 1146 755 Hec.
1166 716 1335 766 415.1,²)
1364 715 1434 756 Ph.
1454 716 1545 756 346.
1559 717 1580 755 1
1609 716 1683 756 Ad.
1704 716 1836 756 938.1.

463 790 543 830 Sed
580 791 656 830 hoc
694 790 844 830 scholio
873 791 998 831 verba
1027 791 1076 830 de
1113 793 1297 842 εὑρήματι
1326 804 1499 831 scaenae
1529 791 1589 831 ΠΙ.
1610 792 1646 841 2,
1682 792 1705 831 i.
1727 805 1760 831 e.
1788 790 1838 831 de

354 868 537 895 sermone
576 855 748 894 Lesbiae
787 856 906 905 fiunt,
945 855 994 894 de
1033 855 1228 907 colloquio
1268 869 1408 895 verum
1447 856 1627 896 eiusdem
1664 869 1838 895 scaenae

355 919 624 959 Terentianae
662 920 769 959 inter
806 919 1011 959 Simonem
1049 922 1091 959 et
1119 920 1281 959 Davum
1317 919 1427 960 facto
1464 919 1609 960 idcirco
1637 919 1737 959 nihil
1765 919 1837 960 ad-

353 984 563 1023 notavisse
593 983 813 1023 scholiasta
832 984 930 1023 mihi
948 983 1121 1035 videtur,
1152 985 1247 1035 quia
1271 984 1312 1023 id
1340 997 1419 1024 non
1450 985 1492 1023 in
1521 984 1661 1024 eadem
1690 997 1840 1024 scaena

354 1047 520 1097 Graeca,
559 1048 630 1087 sed
668 1048 709 1088 in
749 1048 991 1100 insequente
1023 1048 1137 1096 (Men.
1157 1048 1201 1087 H.
1222 1049 1260 1098 8)
1291 1048 1452 1088 demum
1485 1047 1574 1088 fuit.
1634 1048 1696 1088 Ex
1729 1048 1839 1099 frag-

353 1114 503 1152 mento
533 1113 643 1152 enim
679 1112 926 1152 Menandreo
967 1113 1018 1151 42
1065 1112 1112 1151 Κ.
1147 1112 1279 1152 elucet
1316 1113 1549 1152 Terentium
1592 1113 1840 1164 praescripta

354 1176 587 1226 meretricis,
618 1189 724 1228 quae
753 1176 1022 1228 expleverunt
1050 1189 1241 1216 scaenam
1271 1176 1481 1228 aliquanto
1509 1176 1741 1227 longiorem,
1781 1177 1838 1216 sic

353 1241 396 1280 in
424 1241 588 1280 brevius
609 1241 871 1289 contraxisse,
905 1242 951 1280 ut
979 1254 1030 1280 ex
1061 1240 1220 1280 duabus
1239 1240 1494 1281 Menandreis
1515 1241 1729 1281 exsisteret
1756 1253 1840 1280 una

353 1305 510 1346 Latina.
557 1305 690 1345 Facile
710 1307 849 1344 autem
867 1305 958 1344 fieri
976 1306 1122 1357 potuit,
1152 1308 1200 1344 ut
1228 1305 1408 1345 scholion
1427 1306 1638 1357 posteriori
1665 1318 1838 1345 scaenae

353 1369 624 1409 Menandreae
650 1371 880 1421 appositum
899 1383 982 1409 non
1000 1370 1200 1421 inreperet
1218 1371 1260 1409 in
1278 1370 1429 1409 Donati
1457 1372 1739 1419 commentum,
1769 1370 1840 1409 ubi

354 1447 380 1473 a
408 1447 530 1474 versu
558 1434 637 1473 489
667 1446 817 1474 scaena
845 1446 938 1473 orsa
966 1446 1048 1473 non
1077 1435 1149 1473 est.

463 1509 639 1548 Maxime
668 1511 808 1548 autem
837 1508 1085 1548 delectamur
1112 1509 1189 1547 hac
1227 1521 1376 1548 scaena
1403 1508 1667 1548 Menandrea:
1696 1509 1840 1548 Davus

356 1573 561 1612 dominum
591 1573 778 1624 quamvis
807 1573 1074 1624 suspiciosum
1101 1572 1208 1612 fallit
1246 1575 1288 1611 et
1323 1571 1517 1624 praedicit
1549 1572 1679 1611 filium
1716 1573 1836 1611 Pam-

354 1638 451 1690 phili
478 1637 627 1678 falsum
657 1637 709 1678 ad
738 1638 889 1678 ostium
922 1638 1100 1689 positum
1128 1638 1185 1677 iri.
1242 1637 1383 1685 Quod
1424 1651 1512 1677 cur
1539 1637 1641 1677 fiat
1668 1638 1838 1677 multo

354 1701 547 1741 melius
600 1703 651 1740 in
666 1701 995 1751 tellegimus,
1052 1702 1093 1740 si
1149 1713 1311 1741 senex
1355 1700 1631 1740 inducitur
1685 1704 1837 1740 ratus

354 1765 685 1818 Pamphilum
729 1769 779 1806 et
818 1765 1124 1818 Glycerium
1162 1765 1471 1805 discordare
1508 1766 1650 1805 inter
1687 1779 1739 1805 se
1777 1766 1838 1815 (cf.

355 1844 479 1883 supra
496 1831 541 1870 II.
562 1832 598 1879 6)
629 1833 670 1869 et
691 1829 920 1882 Glycerium
939 1830 1148 1881 Pamphilo
1177 1829 1299 1869 aliam
1317 1842 1484 1869 uxorem
1505 1830 1672 1869 ducturo
1691 1830 1835 1870 iratam

354 1896 395 1936 id
433 1909 564 1946 agere,
605 1897 653 1934 ut
690 1896 857 1946 nuptiae
894 1898 1189 1935 removeantur.
1251 1894 1294 1934 Si
1329 1895 1451 1945 igitur
1488 1895 1698 1934 consilium
1736 1895 1836 1935 bene

356 1960 536 2000 succedit
564 1960 692 2006 Davo,
722 1972 864 1999 revera
890 1959 1056 2012 nuptiae
1084 1959 1283 2012 Pamphili
1310 1959 1410 1999 ‘sine
1438 1959 1612 2011 periculo
1640 1959 1840 2012 Pamphili

356 2027 397 2064 et
439 2025 556 2064 Davi'
599 2025 807 2064 tolluntur.
876 2024 1057 2063 Eandem
1100 2023 1336 2063 discordiam
1379 2037 1405 2063 a
1446 2037 1562 2063 servo
1605 2024 1713 2076 apud
1753 2024 1838 2063 Me-

356 2088 556 2128 nandrum
585 2088 829 2138 simulatam,
867 2101 893 2128 a
920 2088 1109 2128 Terentio
1145 2088 1188 2127 in
1217 2100 1367 2127 scaena
1394 2087 1438 2127 II.
1459 2088 1484 2127 6
1512 2088 1838 2139 praetermissam

465 2251 486 2291 ¹)
509 2249 585 2282 Non
608 2249 775 2288 miramur,
808 2249 898 2292 quod
920 2249 954 2282 in
985 2249 1049 2282 hac
1079 2259 1115 2282 re
1137 2247 1315 2281 ‘Donatus’
1349 2248 1491 2282 docilem
1521 2249 1719 2291 discipulum
1741 2249 1838 2282 scho-

353 2303 475 2336 liastae
492 2303 611 2335 Graeci
626 2313 664 2335 se
678 2304 839 2345 praestat,
863 2313 938 2334 cum
956 2303 1000 2334 sit
1021 2301 1165 2342 ἐὕρεσιξ
1189 2301 1381 2344 (inventio’)
1404 2312 1473 2334 una
1486 2312 1564 2344 pars
1586 2312 1628 2334 ex
1643 2303 1750 2334 tribus
1773 2303 1838 2335 dis-

355 2357 499 2400 ciplinae
522 2357 705 2397 oratoriae;
729 2356 772 2390 cf.
795 2356 928 2390 Volkm.
952 2356 1033 2390 Rh.2
1054 2366 1086 2400 p.
1102 2356 1224 2400 28sqq.

465 2412 487 2453 ²)
512 2412 648 2444 Scilicet
678 2412 763 2443 haec
793 2412 949 2443 dicuntur
977 2411 1058 2444 Hec.
1073 2411 1147 2444 415.
1163 2412 1195 2443 1:
1219 2412 1289 2444 alia
1310 2411 1399 2444 ratio
1421 2413 1468 2443 est
1489 2411 1651 2444 currentis
1673 2411 1716 2443 ad
1739 2422 1839 2453 arqu-

354 2467 473 2504 menta,
498 2465 567 2498 alia
593 2468 726 2499 aduam
748 2465 960 2507 comicorum;
981 2464 1036 2498 sed
1058 2465 1202 2508 perfecti
1219 2467 1336 2508 poetae
1357 2467 1403 2498 est
1424 2464 1475 2498 ita
1494 2464 1615 2498 servire
1635 2468 1837 2507 argumento,

353 2521 393 2552 ut
423 2521 532 2552 tamen
553 2522 716 2561 spectator
736 2519 831 2552 novis
859 2519 1122 2552 delectationibus
1143 2519 1300 2552 comatur.
1333 2529 1415 2551 nam
1436 2519 1473 2551 in
1502 2518 1560 2551 hac
1587 2528 1713 2557 scaena,
1742 2518 1841 2551 donec

351 2571 525 2613 perveniat
549 2572 593 2605 ad
607 2572 820 2615 Pamphilum
835 2572 1010 2610 Parmeno,
1032 2572 1088 2605 hoc
1109 2572 1234 2613 εὕρημα
1256 2571 1432 2611 inducitur,
1455 2582 1528 2605 cum
1550 2570 1738 2612 ostenditur,
1761 2571 1839 2613 quid

353 2626 436 2658 mali
456 2626 501 2659 sit
521 2626 700 2668 navigatio.
