2118 3040
933 174 1199 212 -36-

321 279 356 318 J.
381 281 415 318 J.
440 280 640 319 Hartman
668 280 692 319 1.
717 281 740 318 l.
770 293 805 331 p.
829 282 913 329 11),
967 280 1116 319 nedum
1154 281 1339 320 redactor
1376 281 1457 326 ille,
1511 282 1578 332 qui
1614 283 1657 320 in
1692 280 1806 319 fonte

323 342 635 383 adnotationum
655 355 832 393 suarum,
854 344 895 383 in
917 344 1114 396 excerptis
1134 344 1351 384 commenti
1366 343 1598 390 Donatiani‚
1628 343 1680 383 ad
1699 344 1807 384 hunc

321 408 451 448 locum
488 408 588 447 nihil
625 408 785 448 invenit
821 409 899 448 nisi
936 409 1105 448 verbum
1144 411 1302 453 ἀστείως
1340 408 1400 458 (cf.
1426 410 1525 449 Don.
1551 408 1652 448 Eun.
1670 410 1760 449 342.
1781 410 1806 448 2

319 474 499 522 ἀστείως).
542 471 745 513 Redactor
772 473 879 513 enim
909 474 950 512 et
978 474 1123 524 poetae
1158 474 1200 512 et
1229 473 1471 514 scholiastae
1510 472 1643 513 locum
1681 485 1805 525 prave

320 536 550 589 explicavit,
573 550 663 577 cum
683 537 788 577 hanc
808 537 898 577 voci
917 537 974 577 illi
989 539 1147 581 ἀστείως
1167 538 1475 590 explicationem
1491 551 1607 577 suam
1623 537 1806 578 adderet:

319 615 387 641 nec
420 603 663 653 ‘Htaedria',
702 604 767 643 sed
794 603 882 643 ‘hic’
921 604 1025 643 dixit
1064 607 1225 654 tanyens
1251 604 1361 643 illum
1389 607 1424 643 et
1451 604 1565 653 quasi
1591 604 1713 643 invito
1741 604 1806 643 illo

318 667 411 705 haec
438 668 631 716 exprobat.

429 730 657 769 Scholiasta
700 730 743 769 in
782 730 991 770 Menandri
1037 730 1187 770 fabulis
1232 731 1428 770 enarratis
1469 731 1663 770 interesse
1700 731 1805 769 inter

318 794 488 833 ironiam
517 795 560 833 τὸ
587 796 659 844 μὲν
687 797 752 845 ἐφ’
770 797 896 845 ἡμῶν,
924 796 968 834 τὸ
997 796 1039 834 δὲ
1067 797 1127 834 ἐπὶ
1154 800 1232 834 τῶν
1258 797 1417 846 πλησίον
1446 795 1530 834 scit.
1574 795 1655 834 Illis
1675 794 1806 834 tribus

319 858 430 907 locis,
470 859 617 910 quibus
655 871 828 910 persona
867 859 915 898 de
954 872 996 898 se
1035 860 1124 911 ipsa
1161 872 1231 911 per
1267 860 1435 899 ironiam
1469 859 1657 911 loquitur,
1697 861 1804 898 recte

320 922 540 962 adnotatur
568 926 706 974 tropus
726 925 935 974 ἀστεϊσμός.
979 924 1023 962 In
1046 923 1273 975 Apollodori
1301 926 1440 963 autem
1458 924 1607 963 fabulis
1634 924 1804 974 legimus

319 989 521 1037 ἀστεϊσμόν
556 987 780 1027 secundum
809 988 959 1027 Donati
993 988 1035 1026 in
1064 989 1161 1027 Arte
1195 990 1469 1040 praeceptum:
1504 990 1692 1038 quidquid
1721 1021 1728 1028 .
1758 1021 1765 1028 .
1795 1021 1803 1028 .

318 1052 445 1101 faceta
463 1053 558 1091 satis
576 1053 799 1092 urbanitate
813 1054 1022 1102 expolitum
1041 1058 1106 1102 est,
1128 1055 1170 1091 et
1186 1052 1226 1091 id
1244 1053 1286 1091 in
1306 1052 1510 1092 alteram
1538 1065 1803 1104 personam:

425 1116 497 1155 Ph.
520 1116 607 1155 151.
623 1117 658 1156 2.
686 1116 742 1155 Ut
772 1116 874 1156 bene
899 1117 953 1156 sit
980 1116 1085 1156 tibi
1112 1118 1313 1167 ἀστεϊσμός
1326 1131 1401 1167 pro
1419 1117 1528 1157 nihil
1565 1116 1702 1156 Alius
1723 1118 1805 1155 est

319 1183 505 1232 tropus
547 1180 758 1220 astismi
795 1181 846 1220 in
884 1180 1177 1232 Menandri,
1226 1180 1367 1221 alius
1409 1181 1451 1220 in
1492 1180 1804 1233 Apollodori

318 1244 534 1283 fabulis.
574 1245 1112 1296 („H6flichkeitswendung“
1144 1246 1268 1284 vertit
1295 1245 1469 1294 Hauler).
1481 1247 1508 1294 ¹)

428 1308 528 1349 Cum
548 1308 768 1349 scholiasta
796 1309 899 1349 alter
925 1322 1008 1349 non
1036 1308 1265 1350 distinxerit
1288 1310 1394 1349 inter
1420 1309 1589 1349 ironiam
1608 1322 1803 1361 personae

319 1373 361 1411 in
400 1386 444 1412 se
483 1374 613 1424 ipsam
648 1376 691 1412 et
723 1374 766 1412 in
795 1373 897 1413 alias
925 1374 1119 1422 habitam,
1156 1373 1233 1413 illis
1262 1374 1384 1413 variis
1413 1374 1624 1423 generibus
1651 1374 1803 1413 ironiae

318 1437 360 1476 in
389 1436 491 1477 alias
519 1450 712 1488 personas
732 1437 897 1477 habitae
918 1439 1159 1488 ’χλευασμόί
1190 1439 1232 1477 et
1250 1439 1493 1488 ’διασυρμόξ
1520 1450 1602 1477 non
1626 1437 1682 1477 illi
1701 1450 1802 1489 opus

316 1501 405 1549 fuit,
447 1501 561 1540 alteri
601 1501 843 1541 scholiastae
879 1514 986 1551 vero,
1027 1514 1118 1540 cum
1146 1501 1316 1540 haberet
1344 1503 1544 1552 ἁστεϊσμόν
1576 1514 1646 1553 pro
1674 1502 1803 1541 ironia.

316 1566 358 1605 in
396 1579 440 1606 se
478 1566 623 1618 ipsum,
665 1579 768 1618 opus
804 1567 891 1606 fuit.
954 1566 1077 1606 Cuius
1114 1565 1358 1606 scholiastae
1396 1567 1569 1617 vestigia
1605 1567 1668 1606 his
1704 1566 1802 1607 locis

316 1629 584 1681 Menandreis,
614 1631 684 1670 ubi
711 1631 841 1670 ironia
868 1632 910 1670 in
939 1630 1040 1670 alios
1069 1633 1144 1680 est,
1173 1632 1215 1670 in
1244 1632 1383 1683 aperto
1413 1633 1526 1671 sunt:

425 1694 498 1735 Ad.
520 1696 609 1735 783.
650 1695 803 1747 Edepol
833 1697 1184 1735 commessatorem
1212 1695 1322 1734 haud
1351 1708 1449 1734 sane
1479 1695 1730 1735 commodum
1749 1719 1801 1724 -—-

316 1760 437 1809 facete
463 1764 520 1809 τῷ
547 1761 757 1810 χλευασμῷ
777 1792 784 1799 .
806 1791 814 1799 .
835 1790 842 1798 .

426 1822 500 1862 Ad.
520 1823 610 1862 954.
633 1824 665 1861 1.
704 1823 821 1861 Hanc
848 1823 1050 1861 maculam
1078 1835 1153 1862 nos
1174 1823 1289 1862 decet
1317 1822 1496 1873 effugere
1515 1825 1798 1863 —‘maculam'

317 1889 408 1936 †qu›
435 1888 644 1937 χλευασμῷ
674 1888 916 1936 (coniectura
944 1886 1140 1938 Stephani
1159 1887 1377 1939 probanda)
1406 1889 1499 1928 dicit
1526 1890 1695 1928 irridens
1722 1890 1801 1938 opi-

318 1953 475 1991 nionem
502 1953 702 2002 Minonis,
732 1953 826 2001 quia
848 1953 1137 2001 parsimoniam
1164 1954 1355 1991 maculam
1376 1957 1496 2002 putet.

425 2015 498 2055 Ad.
519 2016 608 2055 427.
637 2015 714 2055 Pro
733 2028 825 2055 mea
844 2016 1031 2068 sapienta
1044 2039 1098 2044 —
1117 2015 1145 2067 †
1157 2017 1411 2066 ὂιασυρτικῶς
1428 2018 1622 2067 sapientia
1639 2018 1799 2057 discit...

316 2080 453 2119 Illudit
480 2080 544 2119 his
577 2080 708 2119 verbis
737 2093 878 2120 servus
907 2080 1034 2132 Syrus
1063 2093 1202 2120 senem
1230 2081 1436 2129 Demeam,
1467 2093 1558 2120 cum
1586 2083 1675 2120 tota
1694 2081 1800 2120 servi

316 2145 444 2184 oratio
474 2145 714 2194 (419—432)
744 2145 797 2183 sit
831 2150 974 2197 arquta
1014 2146 1184 2185 imitatio
1227 2147 1278 2185 ad
1319 2146 1573 2185 deridendum
1613 2147 1800 2186 Demeam

316 2211 501 2258 omnium,
532 2223 629 2258 quae
655 2210 718 2248 ille
744 2211 843 2248 serio
871 2222 993 2259 supra
1020 2210 1175 2248 dixerat
1203 2209 1313 2256 (Don.
1334 2209 1436 2257 424).

424 2274 559 2324 Atque
589 2272 699 2311 aliud
728 2285 855 2322 genus
884 2273 1036 2312 ironiae
1065 2285 1147 2312 non
1166 2273 1397 2312 invenimus
1426 2273 1504 2312 nisi
1531 2273 1574 2312 in
1592 2272 1801 2312 Menandri

315 2336 546 2376 fabularum
567 2339 806 2386 commento,
838 2336 925 2375 dico
950 2338 1157 2387 ἐπιτροπήν
1186 2335 1245 2385 (cf.
1266 2335 1540 2376 Herodianum
1559 2336 1632 2376 Rh.
1653 2337 1717 2376 Gr.
1737 2337 1800 2376 ΠΙ.

315 2401 378 2439 98.
399 2401 448 2439 21
480 2400 562 2452 Sp.;
581 2400 815 2440 Volkmann
842 2401 944 2440 Rh.·²
973 2413 1008 2451 p.
1029 2401 1135 2450 501):

423 2464 497 2503 Ad.
517 2465 606 2504 991.
627 2465 662 2504 3.
705 2465 853 2515 Facite,
895 2464 1002 2516 quod
1038 2465 1154 2504 vobis
1191 2465 1291 2503 libet
1323 2488 1376 2493 —
1412 2466 1503 2504 haec
1535 2466 1716 2515 ἐπιτροπὴ
1745 2469 1800 2505 est

313 2530 455 2580 fiyura,
494 2543 571 2578 qua
597 2530 739 2569 invitos
766 2543 835 2569 nos
857 2531 1081 2579 permittere
1109 2531 1342 2570 ostendimus
1370 2531 1469 2578 quod
1497 2530 1676 2569 nolumus
1702 2530 1798 2578 fieri.

425 2615 446 2653 ¹)
470 2613 789 2645 Dziatzko-Hauler.
833 2613 1015 2646 Phormio³
1037 2614 1090 2646 ad.
1106 2624 1156 2646 vs.
1175 2614 1246 2646 151.
