2118 3040
865 401 1013 496 Vita.

306 552 438 592 Natus
463 563 554 591 sum
572 549 825 591 Erdmannus
844 551 990 591 Struck
1018 564 1053 591 a.
1074 551 1109 591 d.
1130 550 1184 590 IV
1198 550 1252 590 Id.
1271 551 1353 590 Juli
1381 552 1478 591 anni
1500 553 1602 592 1886
1631 553 1673 592 in

201 616 343 669 oppido
375 614 712 667 Megalopolitano
751 616 814 655 cui
855 628 1003 656 nomen
1045 618 1110 655 est
1147 615 1522 666 Neubrandenburg
1561 619 1676 668 patre

199 681 369 721 Henrico
407 681 536 719 matre
564 679 748 719 Garolina
785 692 808 719 e
835 682 954 730 gente
982 679 1086 730 Bull,
1121 692 1222 731 quos
1259 679 1391 720 adhuc
1423 680 1530 720 inter
1557 681 1675 721 vivos

200 758 289 785 esse
316 744 436 786 valde
463 742 630 794 gaudeo.
676 742 788 783 Fidei
815 743 998 784 addictus
1028 756 1119 783 sum
1147 744 1675 794 evangelicae-lutheranae.

197 809 294 849 Inde
323 809 375 849 ab
404 820 512 848 anno
539 808 643 847 1895
670 808 924 859 frequentavi
952 808 1210 860 gymnasium
1238 808 1348 847 urbis
1375 809 1541 860 patriae,
1570 809 1676 861 quod

197 876 286 913 tum
314 871 360 913 G.
380 871 631 912 Sauerweini
658 872 926 924 praeceptoris
964 873 1140 912 maxime
1167 872 1265 911 mihi
1292 871 1512 912 venerandi
1539 873 1674 925 auspiss

198 938 268 977 ciis
294 937 475 977 florebat.
531 935 780 975 Maturitatis
816 936 1047 976 testimonio
1085 936 1308 975 instructus
1347 938 1543 976 autumno
1578 938 1675 977 anni

198 1002 303 1042 1904
330 1000 587 1041 Monachium
606 1013 670 1040 me
690 1000 852 1051 contuli,
881 1003 929 1040 ut
948 1000 1093 1041 studiis
1112 1000 1358 1052 philologieis
1378 1003 1420 1041 et
1438 1001 1676 1047 germanicis

196 1078 260 1104 me
288 1065 438 1116 darem,
468 1064 537 1103 ubi
564 1076 629 1104 me
658 1064 879 1104 docuerunt
906 1065 982 1104 viri
1011 1064 1233 1104 doctissimi
1252 1063 1468 1116 Cornelius,
1498 1064 1673 1113 Grusius,

195 1130 360 1180 Drerup.
395 1128 685 1177 Furtwangler‚
715 1141 752 1167 v.
772 1128 806 1168 d.
826 1129 969 1180 Leyen,
1002 1129 1029 1168 I.
1049 1128 1099 1168 de
1118 1128 1270 1178 Miiller,
1310 1128 1514 1177 Muncker,
1550 1129 1674 1168 Pohl—

195 1205 328 1232 mann.
365 1215 418 1220 —
458 1191 612 1231 Deinde
649 1194 844 1231 autumno
883 1193 979 1231 anni
1009 1193 1114 1232 1905
1152 1192 1383 1232 Berolinum
1420 1193 1589 1242 migravi
1631 1195 1674 1232 et

195 1256 478 1295 Universitatis
524 1255 746 1295 Fridericae
793 1256 1015 1296 Guilelmae
1063 1257 1212 1296 civium
1261 1269 1428 1295 numero
1473 1269 1544 1307 per
1592 1257 1673 1296 tria

192 1320 402 1360 semestria
429 1319 654 1372 adscriptus
688 1332 788 1360 sum.
838 1319 991 1360 Scholis
1019 1320 1184 1360 interfui
1212 1333 1313 1372 quas
1340 1319 1573 1360 habuerunt
1601 1333 1671 1361 vv.

194 1383 256 1423 dd.
275 1384 396 1433 Diels,
425 1384 642 1435 Hermann,
673 1384 803 1435 Helm,
832 1385 1213 1436 Lehmann-Haupt,
1240 1384 1310 1424 Ed.
1329 1385 1477 1437 Meyer,
1502 1385 1670 1436 Roethe,

193 1447 363 1499 Vahlen,
385 1448 434 1488 de
453 1448 1012 1489 Wilamowitz-Mffllendorff.
1041 1449 1144 1488 Tum
1164 1449 1314 1489 almam
1333 1451 1503 1489 matrem
1522 1449 1671 1488 Rosto-

195 1512 399 1552 chiensem
426 1513 535 1564 petii,
575 1515 622 1552 ut
649 1513 794 1553 studiis
831 1513 1077 1565 philologieis
1114 1514 1351 1563 germanicis
1389 1513 1676 1565 philosophicis

197 1578 330 1615 totum
370 1589 436 1616 me
477 1577 708 1617 imbuerem.
763 1578 837 1616 Hic
878 1577 1016 1617 audivi
1052 1591 1117 1617 vv.
1148 1577 1210 1617 dd.
1239 1577 1425 1628 Erhardt,
1464 1576 1675 1628 Geffcken,

197 1639 375 1690 Golther,
404 1640 545 1691 Kolbe,
574 1640 738 1692 Luders,
768 1640 969 1691 Plasberg,
1000 1641 1193 1691 Sommer,
1214 1640 1456 1692 Watzinger.

301 1705 347 1744 In
361 1706 622 1746 seminarium
640 1706 873 1761 historicum
893 1719 958 1746 me
976 1708 1214 1758 receperunt
1231 1705 1300 1747 Ed.
1315 1706 1451 1758 Meyer
1469 1708 1511 1746 et
1529 1705 1676 1757 Kolbe;

197 1768 250 1807 ad
278 1770 586 1810 exercitationes
614 1771 864 1820 germanicas
892 1783 956 1810 me
985 1770 1236 1809 admiserunt
1263 1770 1466 1821 Muncker,
1504 1770 1672 1820 Roethe,

198 1831 384 1883 Golther;
403 1834 606 1873 seminarii
620 1834 883 1886 philosophici
903 1833 1109 1873 sodalibus
1129 1846 1193 1873 me
1213 1834 1385 1884 benigne
1399 1847 1469 1886 per
1483 1836 1676 1886 quattuor

195 1897 406 1936 semestria
442 1897 655 1950 adscripsit
681 1898 863 1937 Erhardt.
920 1898 1151 1938 Geiickenio
1190 1900 1231 1937 et
1259 1898 1489 1949 Plasbergio
1528 1897 1672 1949 debeo,

198 1959 305 2012 quod
349 1974 419 2013 per
459 1963 533 2002 tris
579 1976 699 2003 senos
745 1975 905 2002 menses
948 1963 1151 2002 seminarii
1192 1962 1482 2014 philologorum
1525 1962 1675 2002 sodalis

197 2023 420 2064 ordinarius
447 2025 518 2066 fui.

305 2087 458 2136 Quibus
508 2091 834 2144 praeceptoribus
885 2092 1059 2141 gratiam
1110 2091 1241 2130 habeo
1289 2104 1409 2143 quam
1455 2092 1674 2131 maximam

198 2152 396 2203 omnibus,
425 2154 605 2206 inprimis
634 2155 870 2195 Geffckenio
900 2158 942 2194 et
969 2155 1199 2205 Plasbergio
1229 2168 1386 2207 semper
1413 2155 1583 2195 habebo.
