2118 3040
267 305 377 347 aliud
406 304 607 358 quoddam
634 305 797 347 brevius
825 305 1032 358 scholium,
1069 308 1300 358 excerptum
1329 305 1500 346 alterum
1512 306 1538 356 1)
1570 305 1672 355 (539.
1687 304 1746 355 3):

267 372 359 411 bene
382 372 542 411 inventa
559 385 727 421 persona
746 376 810 421 est,
839 372 902 412 cui
919 375 1056 411 narret
1079 371 1265 416 Chaerea,
1286 384 1334 410 ne
1352 383 1457 410 anus
1475 372 1547 410 diu
1564 371 1747 419 loquatur

268 435 310 474 et
337 433 498 475 additur
524 439 569 476 ut
597 437 701 487 apud
727 436 1002 478 Menandrum.
1060 434 1172 485 Quae
1200 435 1325 475 verba
1348 436 1410 474 ‘ut
1438 434 1545 487 apud
1572 433 1744 475 Menan-

268 498 394 537 drum'
424 496 704 539 additamenta
731 500 898 539 alicuius
935 500 1178 540 scholiastae
1220 512 1310 538 esse
1351 512 1420 550 pro
1463 502 1569 538 certo
1603 499 1745 547 habeo,

265 563 501 615 praesertim
538 576 629 604 cum
657 562 851 604 scholium
878 564 967 604 539.
990 564 1011 603 1
1041 562 1329 603 Menandreum
1359 561 1500 603 eadem
1527 562 1611 603 fere
1640 576 1743 615 quae

267 627 388 667 schol.
408 629 432 667 3
463 628 671 676 exhibeat,
709 628 809 667 nihil
844 631 982 667 autem
1020 628 1069 667 de
1106 628 1184 666 hac
1221 625 1395 678 persona
1436 628 1677 678 Antiphonis
1719 641 1745 665 a

267 691 452 731 Terentio
476 692 689 742 assumpta
712 691 899 741 asseram)
938 691 1078 744 Neque
1104 691 1322 732 scholiasta
1341 691 1550 731 scaenicus
1570 691 1620 731 ad
1640 690 1702 730 III.
1718 692 1745 730 5

267 756 369 802 (549.
386 757 420 805 1)
450 756 663 807 quiequam
691 770 716 795 a
735 757 921 796 Terentio
950 770 1039 796 esse
1073 759 1277 795 mutatum
1307 756 1415 795 dicit:
1444 758 1488 796 in
1515 757 1586 795 hae
1604 769 1744 795 scaena

265 820 376 861 verba
401 824 546 869 qestum
578 820 797 872 vultumque
823 821 1001 862 indicant
1027 822 1214 873 exeuntis,
1250 821 1313 862 cuz·
1340 821 1450 862 obvia
1470 834 1640 872 persona
1667 820 1744 861 obi-

267 886 380 935 citur,
406 886 476 925 sub
505 889 614 926 cuius
642 888 832 926 occasione
858 887 1130 936 spectatoribus
1147 890 1254 937 qesta
1273 887 1556 926 narrabuntur.

373 950 507 1001 Atque
555 962 604 989 ea
649 950 793 999 verba,
850 963 950 1001 quae
1005 950 1045 989 in
1097 949 1259 989 Terenti
1314 949 1520 989 comoedia
1574 949 1743 999 legimus

267 1015 358 1060 (vss.
378 1013 504 1052 553——
512 1013 602 1061 556)

395 1076 466 1116 sed
494 1078 748 1116 neminemne
777 1077 975 1117 curiosum
1002 1078 1245 1117 interuenire
1274 1090 1382 1117 nunc
1410 1077 1518 1126 mihi,

395 1141 465 1193 qui
491 1154 555 1181 me
585 1144 778 1194 sequatur
805 1155 964 1194 quoquo
993 1155 1094 1192 eam,
1124 1142 1332 1192 rogitando
1361 1141 1571 1194 optundat,
1602 1141 1743 1190 enicet,

347 1215 350 1217 ·
395 1204 490 1256 quid
509 1206 678 1256 gestiam
701 1209 774 1246 aut
793 1205 887 1258 quid
906 1206 1038 1246 laetus
1059 1206 1145 1256 sim,
1174 1219 1252 1258 quo
1276 1218 1450 1258 pergam,
1480 1205 1586 1245 unde
1615 1218 1743 1245 emer-

1346 1283 1449 1320 gam,
1479 1270 1548 1309 ubi
1577 1270 1676 1309 siem

395 1335 589 1374 uestitum
625 1335 734 1374 hunc
770 1338 955 1384 nanctus,
998 1335 1096 1374 mihi
1133 1335 1228 1387 quid
1261 1347 1465 1387 quaeram,
1504 1347 1630 1374 sanus
1668 1334 1743 1373 sim

1347 1412 1452 1438 anne
1481 1399 1697 1438 insaniam!

254 1455 553 1514 >interpretatur
567 1463 786 1503 scholiasta
800 1465 925 1503 5492
941 1463 1164 1503 Romanus:
1193 1466 1268 1505 duo
1296 1465 1495 1505 metuit:
1523 1478 1572 1503 ne
1590 1465 1676 1513 quis
1695 1478 1743 1504 eae

265 1527 326 1568 his
353 1528 484 1569 obvius
512 1529 799 1578 comprehensor
826 1533 1001 1569 occurrat
1029 1533 1064 1569 et
1081 1542 1131 1569 ‘ne
1151 1530 1237 1579 quis
1255 1530 1320 1570 sui
1331 1533 1553 1579 persecutor
1572 1530 1742 1568 exsistat.

266 1590 377 1638 Quae
407 1591 567 1642 quidem
595 1604 693 1630 sane
722 1594 828 1631 recte
858 1593 1154 1643 interpretatur,
1184 1605 1280 1630 nam
1308 1593 1372 1630 hic
1401 1591 1578 1631 Chaerea
1598 1591 1743 1630 Teren-

264 1656 401 1694 tianus
430 1655 649 1695 secundum
679 1670 758 1696 vss.
779 1657 867 1696 549.
887 1657 966 1696 550

398 1719 594 1770 Numquis
614 1720 679 1758 hic
699 1721 789 1758 est?
808 1724 976 1759 nemost.
1005 1721 1193 1772 numquis
1212 1720 1306 1760 hinc
1317 1733 1380 1758 me
1396 1719 1604 1772 sequitur?
1624 1731 1742 1758 nemo

1343 1785 1515 1824 homost.

398 1848 531 1886 iamne
560 1860 740 1899 rumpere
768 1848 844 1887 hoc
871 1847 963 1887 licet
991 1849 1046 1886 mi
1075 1848 1293 1898 gaudium‘?
1321 1861 1391 1900 pro
1420 1848 1613 1901 Iuppiter!

264 1923 457 1973 gaudium
484 1936 554 1975 per
582 1923 923 1975 soliloquium
951 1937 1133 1975 rumpere
1153 1926 1272 1976 cupit.
1315 1925 1463 1964 Contra
1482 1924 1743 1963 scholiastam

265 1989 402 2027 autem
438 1987 664 2027 Romanum
702 1989 992 2027 commentator
1025 1987 1076 2028 ad
1105 1988 1191 2029 Ter.
1217 1988 1316 2028 Eun.
1342 1989 1422 2028 554
1459 1988 1664 2028 adscribit:
1701 1990 1744 2028 id

265 2054 405 2103 cupit
431 2055 612 2103 gaudens,
639 2054 739 2103 quod
766 2054 854 2093 aliis
881 2053 1057 2093 tristibus
1084 2057 1282 2094 molestum
1310 2059 1373 2094 est.
1405 2053 1495 2094 -Hic
1524 2053 1745 2093 scholiasta

373 2201 394 2242 ¹)
416 2202 503 2233 Nam
525 2212 567 2233 ex
589 2202 731 2233 duorum
754 2203 987 2242 excerptorum
1010 2203 1205 2243 corporibus
1221 2203 1425 2234 confluxisse
1437 2202 1563 2233 Donati
1575 2211 1743 2234 commen-

263 2256 346 2292 tum,
381 2255 471 2296 quod
492 2254 591 2286 nobis
622 2255 656 2286 in
690 2254 843 2286 manibus
872 2255 934 2292 est,
969 2263 1045 2286 cum
1074 2255 1155 2286 viris
1185 2255 1294 2287 doctis
1322 2255 1524 2287 Sabbadinio
1555 2253 1742 2286 Rabbowio

263 2307 431 2340 Wessnero
454 2307 496 2341 al.
520 2308 601 2340 mihi
615 2307 765 2350 persuasi
779 2317 888 2349 neque
903 2306 990 2339 hanc
1006 2308 1210 2341 sententiam
1224 2308 1413 2341 labefacere
1428 2308 1540 2350 potuit
1555 2308 1743 2340 Karstenus

263 2362 384 2394 Mnem.
397 2361 535 2400 XXXV;
559 2362 601 2394 cf.
624 2362 656 2394 J.
672 2361 770 2399 Endt,
794 2360 880 2393 Berl.
897 2360 982 2392 Phil.
999 2361 1120 2394 Woch.
1139 2362 1222 2394 1909
1245 2362 1307 2394 col.
1323 2362 1376 2394 96.

370 2414 394 2455 Ξ)
415 2413 532 2457 Neque
547 2414 589 2447 de
604 2414 668 2447 hac
682 2424 718 2447 re
733 2424 786 2447 me
801 2413 987 2456 longiorem
1010 2423 1085 2447 esse
1109 2424 1194 2458 opus
1217 2417 1278 2455 est,
1303 2425 1378 2448 cum
1402 2415 1529 2458 optime
1551 2424 1615 2448 nos
1626 2413 1741 2447 Ihnius

263 2478 333 2501 non
354 2479 462 2510 pauca
491 2469 620 2501 scholia
648 2469 744 2501 initio
776 2468 909 2511 quidem
932 2478 1007 2500 esse
1029 2469 1136 2510 proba
1158 2472 1194 2501 et
1215 2470 1325 2501 bonae
1346 2471 1458 2508 notae,
1490 2470 1605 2501 addito
1627 2470 1742 2500 autem

262 2521 354 2553 futili
375 2522 674 2563 interpretamento
696 2522 870 2563 inquinata
893 2531 967 2553 esse
990 2521 1111 2553 doceat
1132 2522 1154 2554 1.
1170 2522 1191 2555 l.
1207 2532 1238 2564 p.
1250 2522 1293 2554 23
1301 2533 1373 2564 sqq.
1397 2522 1450 2562 (cf.
1467 2522 1672 2554 Teuffelium
1686 2521 1707 2553 L
1720 2520 1741 2554 l.

266 2585 298 2617 p.
314 2574 504 2616 355-357),
529 2585 630 2617 quam
652 2575 854 2608 sententiam
876 2585 951 2607 meo
974 2575 1096 2607 iudicio
1119 2585 1188 2608 non
1212 2576 1362 2608 refellere
1378 2576 1490 2618 potuit
1511 2577 1707 2608 Brauniusl.
1721 2577 1743 2610 l.

262 2638 294 2670 p.
311 2628 362 2661 27.
376 2628 427 2661 28.
