2118 3040
296 276 370 316 Ad.
390 278 452 316 88.
468 278 505 326 2)
545 291 625 328 qua
654 290 816 328 pompa,
854 290 932 327 qua
969 278 1243 328 vociferatione
1279 279 1466 318 daatetur
1509 277 1699 318 accusatio
1735 278 1781 316 de

293 342 467 382 moribus
485 341 656 381 Demeae
672 341 772 381 mm
789 354 869 381 uon
888 342 933 382 in
950 342 1080 381 maius
1104 341 1340 393 efferentis,²)
1368 340 1428 380 ita
1446 341 1494 380 ut
1513 341 1636 380 etiam
1656 340 1781 380 verba

295 411 368 453 (vs.
388 405 452 453 93)
476 405 534 444 ‘in
562 407 673 444 orest
701 405 810 445 omni
837 404 998 457 populo’
1035 405 1119 444 sint
1152 405 1260 444 senis
1288 404 1346 445 rei
1373 406 1490 444 actae
1518 404 1682 444 modum
1710 417 1779 444 ex-

294 469 489 518 cedentis,
528 472 668 508 tamen
702 469 936 509 oeconomia
972 468 1136 508 fabulae
1186 469 1454 508 Terentianae
1497 467 1780 508 difficultatem

293 531 502 584 quandam
537 533 720 584 praebet:
757 533 911 572 Demea
939 533 1046 572 enim
1083 545 1173 571 rure
1201 533 1244 571 in
1272 532 1412 572 urbem
1449 531 1670 572 adveniens
1698 533 1780 572 iam

295 599 434 636 narrat
460 596 559 636 illud
587 596 768 636 ‘factum’
801 597 999 647 (88—92),
1030 596 1145 636 cuius
1173 595 1318 636 ultima
1351 609 1445 649 pars
1472 596 1512 635 in
1541 596 1779 647 insequente

293 662 391 700 actu
421 662 516 700 ante
546 660 683 700 oculos
712 662 988 712 spectatorum
1016 661 1189 710 agitur.²)

403 745 515 793 Quae
539 746 784 798 vituperatio
813 745 899 785 sive
928 745 977 785 de
1005 745 1147 785 fabula
1171 746 1415 786 Terentiana
1442 745 1555 785 valet
1582 745 1668 785 sive
1696 757 1779 785 non

294 810 417 859 valet,
448 813 555 849 certe
584 823 668 849 non
706 810 816 849 cadit
851 811 893 849 in
922 810 1132 849 Menandri
1159 810 1375 861 Adelphos,
1404 810 1473 849 ubi
1508 810 1658 849 Sannio
1686 810 1777 849 leno

292 875 511 914 ‘mulcatus
526 886 656 926 usque
671 874 724 913 ad
738 875 936 923 mortem’‚
956 875 1173 926 postquam
1192 886 1242 913 ex
1256 885 1404 926 pavore
1420 873 1599 913 animum
1618 873 1778 926 recepit,

290 938 345 976 ad
369 937 492 977 aedes
513 938 705 977 Aeschini
724 938 928 987 (Micionis)
959 938 1140 977 clamans
1169 939 1351 988 accurrit,
1380 941 1428 978 ut
1456 938 1695 977 Bacchidem
1714 951 1777 977 re-

292 1004 489 1053 posceret,
519 1015 640 1054 quam
660 1001 887 1042 Aeschinus
908 1002 1046 1042 amicis
1066 1004 1157 1054 post
1177 1015 1320 1042 cenam
1347 1001 1553 1054 quandam
1582 1001 1641 1049 (cf.
1661 1015 1720 1043 vs.
1742 1003 1776 1051 1)

291 1065 585 1105 adiuvantibus
600 1068 758 1117 raptam
772 1069 814 1106 et
830 1066 937 1105 domi
952 1066 1071 1105 amici
1087 1066 1295 1106 cuiusdam
1310 1065 1491 1105 abditam
1502 1069 1596 1118 post
1610 1068 1746 1106 actum
1761 1066 1778 1105 1

291 1131 334 1170 in
373 1130 495 1171 aedes
538 1145 635 1171 suas
673 1131 875 1171 transfert.
937 1131 1048 1180 Quae
1083 1131 1206 1182 igitur
1242 1130 1433 1171 adscribit
1469 1130 1689 1172 scholiasta
1726 1130 1778 1171 ad

291 1209 351 1234 vs.
374 1196 467 1234 159:
496 1197 680 1236 vivaciter
700 1201 816 1246 poeta
836 1197 1010 1246 priorem
1034 1197 1137 1236 litem
1164 1198 1321 1236 sustulit
1339 1197 1496 1236 dicendo
1519 1198 1704 1246 ‘iterum',
1734 1201 1779 1236 ut

291 1274 371 1300 non
399 1262 530 1301 eadem
557 1261 605 1301 lis
633 1265 737 1311 esset,
765 1261 811 1301 de
839 1274 917 1310 qua
943 1274 1065 1311 supra
1093 1264 1248 1311 questus
1275 1264 1330 1301 est
1347 1261 1508 1311 Demea,
1535 1261 1601 1301 sed
1627 1261 1777 1302 instau-

291 1329 383 1363 rata
419 1329 604 1364 noscatur
641 1325 754 1372 (Don.
782 1324 856 1362 Ad.
884 1325 970 1363 159.
991 1325 1040 1372 2),
1077 1336 1127 1362 ea
1163 1323 1212 1362 de
1241 1336 1391 1363 scaena
1418 1323 1665 1363 Menandrea
1702 1324 1778 1363 dici

290 1390 474 1439 possunt.
521 1387 627 1428 Nam
644 1388 687 1427 in
706 1401 757 1427 ea
784 1388 833 1427 lis
857 1388 1172 1428 instaurata
1199 1387 1411 1437 inducitur,
1442 1401 1533 1427 cum
1552 1388 1776 1428 Aeschinus

291 1454 333 1490 et
362 1452 548 1501 Sannios)
589 1451 637 1490 de
675 1453 882 1490 meretrice
922 1452 1094 1490 emenda
1131 1454 1268 1501 agant,
1307 1454 1350 1490 et
1386 1451 1497 1500 (Don.
1525 1452 1599 1490 Ad.
1630 1452 1718 1492 155.
1739 1453 1775 1500 2)

288 1515 419 1555 ‘dives
447 1528 518 1567 per
546 1516 771 1567 potentiam
791 1515 1106 1555 contumeliosus
1127 1518 1216 1565 est’,
1247 1516 1352 1555 ‘leno
1381 1528 1533 1567 pauper
1557 1518 1776 1555 contumax

290 1580 331 1618 in
361 1580 577 1631 perniciem
603 1575 746 1619 suam'.
794 1579 908 1619 Certe
937 1579 1097 1631 quidem
1125 1580 1215 1619 leno
1245 1580 1331 1631 ipse
1360 1580 1437 1618 sibi
1465 1580 1614 1629 obstat,
1644 1592 1775 1631 neque

288 1645 397 1683 enim
427 1644 664 1693 transigitur
692 1643 741 1684 de
775 1645 959 1696 pecunia,
990 1643 1061 1683 sed
1089 1644 1329 1684 adulescens
1356 1644 1484 1683 iratus
1522 1643 1685 1683 domum
1712 1645 1776 1683 in-

289 1711 373 1749 trat
393 1709 529 1749 dicens
550 1711 598 1758 (v.
621 1709 709 1759 196)
730 1708 922 1748 ‘delibera
946 1709 1033 1757 hoc,
1063 1707 1159 1748 dum
1179 1721 1252 1758 ego
1272 1707 1403 1748 redeo’
1428 1711 1483 1758 (et
1500 1708 1603 1748 redit
1620 1722 1658 1748 v.
1674 1709 1774 1758 264).

288 1796 343 1801 -—
377 1772 640 1824 Soliloquium
679 1773 836 1812 lenonis
875 1775 918 1812 et
944 1773 1074 1811 rixam
1111 1773 1216 1811 inter
1253 1785 1345 1812 eum
1381 1775 1423 1812 et
1460 1772 1773 1822 adulescentem,

287 1849 394 1888 quae
424 1839 540 1876 erant
568 1849 631 1888 ap.
651 1836 930 1885 Menandrum,
959 1836 1093 1876 omisit
1121 1836 1333 1875 Terentius
1363 1838 1405 1876 et
1431 1836 1474 1875 in
1502 1836 1610 1876 hunc
1642 1835 1775 1875 locum

398 2031 421 2070 1)
444 2029 493 2062 Cf.
510 2029 616 2062 schol.
631 2029 683 2062 89.
696 2028 727 2061 2.
739 2028 761 2060 4
784 2031 819 2061 et
840 2029 892 2061 90.
905 2029 935 2061 2.
951 2028 981 2062 3.
1000 2053 1008 2061 .
1026 2054 1033 2061 .
1050 2054 1058 2062 .
1078 2028 1231 2062 ‘alienas’
1252 2029 1331 2062 dicit
1352 2029 1432 2071 quia
1445 2028 1588 2062 ‘lenonis’
1603 2029 1633 2062 si
1647 2029 1774 2068 diceret,

284 2094 395 2126 parva
409 2093 461 2116 res
483 2085 571 2123 erat;
589 2081 780 2125 ‘familiam'
798 2094 863 2125 pro
885 2083 989 2116 servis
1010 2083 1135 2115 huonis
1155 2086 1214 2116 aut
1235 2083 1455 2116 meretricibus
1476 2083 1553 2116 dicit
1559 2093 1571 2124 ,·
1591 2081 1710 2124 ‘usque
1730 2083 1773 2115 ad

288 2135 444 2168 mortem’
459 2146 582 2177 magna
603 2135 733 2168 invidia
754 2136 860 2169 caedis
883 2136 999 2168 mortis
1021 2136 1192 2175 mentione,
1214 2146 1295 2177 quac
1316 2138 1426 2169 tamen
1446 2136 1531 2168 nulli
1552 2135 1686 2176 accidit;
1707 2145 1773 2169 non

283 2188 455 2229 ‘abduoeist
478 2189 542 2227 sed,
565 2188 723 2231 ‘eripuitffi
764 2189 854 2221 Haec
872 2191 1044 2231 postrema
1058 2190 1161 2221 verba
1183 2189 1309 2222 Donati
1331 2189 1485 2221 Kauerus
1509 2189 1583 2230 (Dz.
1600 2189 1641 2221 K.
1656 2189 1677 2221 l.
1693 2189 1714 2221 l.
1732 2189 1773 2222 14

286 2244 364 2275 adn.
379 2243 411 2283 2)
434 2252 504 2274 non
534 2244 625 2275 recte
650 2243 827 2276 intellexit.
872 2242 968 2275 Adde
999 2243 1090 2285 quod
1112 2244 1147 2274 et
1177 2243 1262 2275 haec
1283 2242 1431 2275 Demeae
1452 2243 1556 2274 verba
1578 2243 1630 2284 (93
1645 2242 1704 2285 sq.)
1723 2241 1773 2275 ‘in

286 2299 380 2329 orest
403 2296 495 2329 omni
517 2295 653 2338 populo’
677 2296 820 2339 speciem
845 2296 934 2329 senis
956 2296 1003 2328 rei
1025 2297 1123 2328 actae
1146 2296 1284 2328 modum
1306 2296 1498 2329 excedentis
1521 2306 1600 2338 prae
1623 2306 1660 2329 se
1684 2296 1772 2329 ferre

286 2351 455 2382 censenda
477 2352 557 2382 sunt
579 2352 697 2382 contra
719 2351 889 2382 Kauerum
911 2351 932 2382 l.
949 2351 969 2382 1.
994 2360 1025 2391 p.
1044 2350 1084 2381 19
1107 2352 1143 2382 et
1164 2349 1362 2381 Neneinium
1384 2350 1405 2382 l.
1421 2350 1443 2381 l.
1466 2360 1498 2391 p.
1517 2350 1588 2382 138.

395 2404 418 2444 ¹)
442 2403 478 2436 G.
496 2403 602 2445 Regel
624 2403 645 2436 l.
661 2403 682 2435 1.
706 2413 736 2446 p.
753 2404 789 2443 7;
812 2403 865 2436 Fr.
881 2403 1010 2446 Kampe
1031 2403 1052 2436 l.
1069 2403 1091 2436 1.
1114 2413 1145 2445 p.
1161 2404 1196 2442 ’ῖς
1220 2403 1251 2435 J.
1267 2403 1393 2435 Klasen
1415 2402 1436 2436 1.
1453 2403 1474 2436 l.
1496 2412 1528 2445 p.
1547 2402 1643 2445 lOsq.

396 2458 417 2495 ⁸)
441 2457 628 2499 Postquam
658 2458 713 2489 hic
739 2467 860 2499 magna
882 2467 967 2489 voce
998 2457 1038 2489 de
1067 2466 1130 2489 sua
1151 2457 1289 2489 fortuna
1312 2459 1519 2499 conquestus
1542 2459 1594 2489 est
1616 2457 1668 2498 (cf.
1693 2457 1771 2490 soli-

287 2511 438 2553 loquium
454 2511 488 2542 in
503 2511 616 2553 primis
632 2511 786 2543 versibus
807 2510 926 2550 μέρους
942 2510 980 2548 ΙΙ,
1004 2511 1038 2542 id
1061 2510 1151 2553 quod
1176 2510 1318 2553 quadrat
1333 2510 1376 2542 ad
1391 2511 1606 2552 praeceptum
1626 2510 1769 2551 Leonis),

283 2575 355 2607 qua
375 2565 475 2597 turba
498 2566 689 2597 commotus
711 2565 899 2597 Aeschinus
923 2565 993 2597 exit
1014 2564 1153 2597 foribus.
