2118 3040
295 351 670 391 administrationem
697 351 774 390 doli
800 350 920 400 habet,
949 363 1022 401 qao
1048 350 1092 401 fit
1119 354 1163 390 at
1189 351 1426 390 deterreatur
1446 350 1625 391 Chremes
1641 350 1773 401 filiam

295 428 407 455 suam
434 415 635 464 Pamphilo
663 416 757 454 dare
775 447 783 454 .
804 447 812 454 .
832 447 841 454 .
862 416 900 463 1).
1166 406 1172 412 ’

404 477 467 517 Ad
486 490 675 518 scaenam
694 477 759 518 IV.
775 479 800 517 4
819 478 918 518 Don.
940 478 1082 520 740.1:
1105 480 1210 519 adest
1227 479 1310 530 ipse
1327 493 1432 519 nanc
1452 479 1641 530 Chremes,
1662 479 1773 519 cuias

295 557 413 583 causa
430 557 568 583 scaena
584 544 789 594 fraudibus
806 545 997 584 instructa
1014 549 1079 595 est,
1108 558 1158 584 ne
1175 545 1388 594 promissas
1407 545 1587 593 compleat
1604 544 1772 593 nuptias.

403 616 487 657 Nec
515 617 631 658 satis:
661 618 763 658 alter
791 618 915 658 etiam
935 618 1153 659 scholiasta
1181 631 1371 659 scaenam
1396 618 1459 659 IV.
1480 619 1505 657 4
1534 617 1585 657 ad
1605 617 1773 658 verbum

297 681 381 721 fere
418 682 468 721 de
505 681 723 722 Menandro
761 682 1004 723 translatam
1041 696 1132 723 esse
1169 684 1357 732 testatur,
1396 683 1465 734 qui
1497 682 1549 722 ad
1582 694 1662 722 vss.
1693 682 1770 721 794

296 748 339 786 et
368 747 462 787 795:

553 810 720 863 paulum
747 811 943 851 interesse
972 824 1112 852 censes
1141 824 1193 851 ex
1220 811 1354 851 animo
1383 811 1527 861 omnia,

553 878 601 914 ut
626 874 707 914 fert
733 877 891 924 natura,
919 875 1046 915 facias
1075 889 1128 915 an
1157 876 1207 915 de
1235 875 1464 915 industria?

296 959 398 1000 haec
425 959 617 1001 adscribit
645 961 746 1011 (794.
766 961 820 1010 3):
858 962 965 1002 Haec
991 963 1181 1002 sententia
1207 976 1232 1002 a
1270 963 1446 1002 Terentio
1475 963 1773 1011 ἕρωτηματικῶς

290 1026 445 1076 prolata
482 1030 547 1076 est,
586 1039 702 1075 qaam
729 1027 946 1066 Menander
973 1026 1233 1069 ἐπιδεικτικῶς
1254 1027 1395 1077 posuit.

404 1100 495 1139 Vox
533 1102 670 1140 autem
699 1102 983 1144 ’ἐπιδεικτικῶξ
1023 1101 1099 1139 hoc
1126 1114 1208 1140 uno
1246 1101 1333 1140 loco
1371 1101 1492 1140 obvia
1528 1099 1772 1139 scholiastae

297 1164 440 1204 Graeci
481 1163 578 1203 mihi
619 1164 778 1204 videtur
820 1177 926 1214 esse,
970 1177 1091 1216 quam
1133 1177 1224 1204 cum
1269 1163 1435 1214 legisset
1480 1165 1774 1204 commentator

295 1228 515 1279 Romanus,
563 1229 668 1268 inter
708 1228 973 1268 Menandrum
1020 1230 1061 1268 et
1102 1228 1331 1268 Terentium
1386 1227 1536 1279 aliquid
1577 1229 1772 1267 interesse

296 1291 592 1332 animadvertit.
649 1292 835 1332 Donatus
873 1293 980 1332 enim
1008 1292 1130 1332 variis
1167 1291 1265 1332 locis
1301 1292 1344 1331 in
1372 1292 1674 1344 pronominibus
1703 1290 1772 1330 de-

295 1356 574 1396 monstrativis
603 1358 765 1396 tantum
793 1356 889 1396 illud
919 1358 1142 1400 ’δεικτικῶξ
1172 1356 1355 1396 exhibet:
1383 1355 1472 1395 ‘hic’
1501 1356 1623 1396 Andr.
1652 1356 1714 1395 30.
1734 1357 1771 1405 2,

299 1420 384 1459 125.
404 1421 441 1467 3,
481 1421 569 1459 237.
590 1421 626 1469 2,
666 1421 754 1459 333.
775 1421 811 1470 2,
851 1420 922 1460 Ad.
945 1421 1032 1461 163.
1053 1422 1096 1470 1;
1131 1421 1235 1460 ‘iste’
1264 1420 1338 1460 Ad.
1357 1421 1446 1460 377.
1469 1421 1513 1470 13
1539 1419 1771 1459 ‘tantillum’

295 1483 368 1523 Ad.
388 1484 477 1524 563.
493 1484 534 1534 2;
570 1485 780 1536 praeterea
808 1485 1004 1528 δεικτικῶς
1032 1484 1273 1525 adscribitur
1299 1484 1351 1524 ad
1370 1486 1498 1525 ‘tam'z
1517 1483 1716 1524 Ph.*165.
1731 1485 1773 1533 43

295 1547 389 1588 Hec.
407 1548 457 1587 75
486 1551 527 1588 et
555 1549 655 1587 ‘sic'2
683 1548 783 1587 Eun.
805 1549 894 1597 602,
923 1548 1025 1588 Ad.*
1043 1549 1133 1588 454.
1153 1550 1189 1601 6.

403 1611 482 1651 Sed
501 1612 713 1652 redeamus
728 1612 779 1651 ad
799 1611 1059 1652 scholiastam
1076 1612 1343 1652 aestheticum
1363 1614 1405 1652 et
1423 1612 1585 1652 Terenti
1601 1624 1771 1652 scaenas

295 1677 510 1727 proximas,
540 1689 643 1727 quae
673 1676 832 1727 quidem
860 1678 957 1715 sunt
984 1676 1262 1715 Menandreae.

401 1750 446 1789 In
466 1762 614 1789 scaena
632 1750 696 1789 IV.
712 1751 737 1789 5
758 1750 871 1798 (Men.
891 1750 954 1790 ΠΙ.
969 1751 1006 1799 6,
1027 1750 1075 1790 cf.
1089 1750 1190 1789 Don.
1206 1751 1296 1800 801)
1318 1750 1489 1790 Critonis
1505 1750 1616 1799 (Don.
1632 1751 1720 1790 796.
1736 1751 1771 1799 1)

288 1829 456 1865 persona
483 1816 533 1855 ad
561 1815 841 1865 catastropham
867 1815 1088 1855 machinata
1113 1829 1219 1855 nanc
1245 1816 1425 1865 loquitur,
1454 1829 1548 1854 nam
1574 1815 1636 1854 hic
1665 1816 1772 1855 Crito

294 1879 394 1919 nihil
430 1883 653 1930 aryumento
690 1879 793 1918 debet
828 1880 909 1919 nisi
945 1880 1217 1920 absolutionem
1254 1880 1398 1919 erroris
1434 1880 1526 1919 eius.
1572 1880 1688 1919 simul
1724 1892 1772 1918 ex

294 1944 417 1983 verbis
443 1945 526 1983 suis
544 1957 660 1992 quam
677 1944 809 1995 yravis
827 1957 943 1993 quam
961 1945 1151 1984 modestus
1177 1945 1229 1984 sit
1247 1957 1436 1993 quamque
1453 1944 1581 1983 iustas
1599 1944 1771 1983 ostendit.

402 2006 507 2046 Crito
533 2006 586 2046 ad
605 2006 830 2059 Glycerium
862 2006 1032 2057 ducitur,
1061 2007 1202 2047 Davus
1232 2007 1422 2059 sequitur,
1452 2009 1499 2047 ut
1523 2009 1771 2059 spectatores

295 2070 515 2111 secundum
557 2070 767 2110 consilium
807 2074 952 2122 poetae
986 2072 1028 2111 in
1069 2084 1219 2111 scaena
1255 2072 1302 2111 V.
1327 2073 1352 2110 2
1395 2072 1444 2110 de
1485 2073 1771 2121 ἀναγνωρισμῷ

294 2134 481 2174 certiores
508 2134 641 2175 faciat.
698 2135 776 2175 Sed
815 2134 1045 2187 scholiasta,
1086 2148 1205 2189 quem
1234 2135 1432 2176 Graecum
1460 2138 1643 2176 nostrum
1680 2148 1770 2175 esse

294 2200 532 2250 putaverim,
562 2199 672 2238 aliud
708 2202 957 2239 momentum
986 2212 1076 2239 esse
1104 2202 1260 2249 censet3
1300 2200 1482 2238 meminit
1509 2200 1616 2238 enim
1645 2200 1769 2237 simu-

402 2349 424 2389 l)
447 2348 533 2380 Post
555 2348 770 2390 soliloquium
791 2349 930 2390 Mysidis
952 2349 987 2380 in
1009 2349 1105 2382 codd.
1121 2350 1321 2381 Donatianis
1343 2360 1364 2381 a
1386 2359 1435 2382 vs.
1451 2348 1515 2381 722
1537 2356 1626 2380 nova
1647 2358 1770 2380 scaena

293 2400 418 2442 incipit,
449 2411 518 2434 non
540 2401 622 2433 item
651 2401 686 2433 in
715 2401 889 2434 Menandri
917 2401 1041 2434 fabula.
1086 2401 1266 2435 ‘Donatus’
1299 2402 1402 2444 igitur
1431 2402 1521 2434 omni
1551 2401 1769 2433 contentione

294 2452 361 2485 hoc
383 2454 424 2486 de
454 2464 576 2487 scaena
606 2455 705 2497 plena
734 2455 912 2487 suavitatis
935 2455 1139 2488 elaboravit:
1169 2455 1247 2488 haec
1272 2466 1388 2488 scaena
1417 2458 1549 2488 actuosa
1577 2457 1632 2493 est,
1663 2455 1769 2496 magis

293 2506 378 2538 enim
398 2507 436 2539 in
455 2510 549 2549 qesta
570 2518 669 2548 quam
689 2507 726 2540 in
747 2507 895 2540 oratione
915 2510 963 2540 eet
983 2508 1168 2541 constituta.
1210 2508 1310 2541 'Pales
1325 2510 1438 2540 autem
1461 2517 1567 2548 nugas
1590 2508 1631 2539 de
1646 2517 1770 2539 scaena

293 2560 435 2591 actuosa
457 2559 616 2601 (stataria,
639 2561 793 2600 motoria,
816 2560 869 2602 al.)
892 2560 1019 2594 frustra
1033 2561 1068 2594 in
1083 2563 1275 2594 commento
1290 2561 1480 2594 fabularum
1492 2560 1770 2594 Menandrearum

293 2611 455 2645 continuo
479 2614 692 2655 quaesiveris,
723 2615 782 2647 sed
806 2614 960 2647 Donatus
987 2615 1022 2647 in
1042 2613 1331 2657 ‘praefationibus’
1359 2616 1382 2656 (I
1397 2615 1429 2654 2)
1452 2614 1493 2647 de
1509 2614 1573 2646 hac
1587 2624 1623 2646 re
1638 2624 1771 2656 semper

294 2665 452 2708 loquitur.
