2118 3040
920 175 973 179 ,0
1031 152 1185 189 20.-

313 260 545 299 oonsuetudo
583 260 719 299 medici
751 260 808 299 vel
840 261 1006 299 medieae
1038 259 1267 310 eyredientis
1303 272 1351 298 ex
1387 260 1497 309 aeqri
1532 260 1667 298 domo:
1704 271 1799 298 nam

313 322 471 363 veniens
506 325 553 363 de
584 325 749 375 neyotiis
781 324 866 364 eius
898 324 1079 374 loquitur,
1113 322 1248 363 'abiens
1274 324 1320 362 de
1346 322 1484 362 morbo.
1524 326 1559 362 et
1586 322 1679 363 haec
1705 326 1798 363 sunt

307 391 468 439 praeter
496 389 721 439 οἰκονομίαν
749 402 847 438 quae
873 389 1061 429 dicuntur
1087 388 1283 438 εὑρήματα
1314 386 1374 435 (cf.
1399 399 1522 438 supra
1549 386 1649 427 Don.
1674 387 1796 427 Andr.

316 452 406 491 228.
428 453 477 501 1).

423 515 525 555 Eun.
546 517 634 555 230.
656 517 689 554 1.
718 517 926 565 οἰκονομία,
964 529 1041 564 qua
1068 517 1284 555 ostenditur
1316 519 1521 555 amaturus
1551 515 1733 564 Chaerea,
1763 516 1798 554 si

315 580 471 629 quidem
498 579 599 619 hane
626 580 819 619 Parmeno
846 580 928 629 ipse
955 579 1138 619 miratur.

425 642 524 682 Eun.
545 643 633 682 359.
654 643 689 682 2.
718 645 914 692 οἰκονομία
935 647 1070 683 contra
1096 644 1203 692 illud,
1230 645 1330 692 quod
1348 644 1532 682 meretrix
1555 644 1684 683 vicina
1701 647 1801 683 erat.

424 706 535 745 Haec
562 707 701 745 autem
720 705 846 745 verba
873 707 981 746 recte
1009 706 1114 746 fiunt
1142 705 1190 745 de
1210 718 1331 745 versu
1358 704 1444 745 ‘sed
1462 705 1584 746 istam
1603 705 1797 746 Thaidem

315 783 396 810 non
425 771 522 810 scivi
552 770 668 810 nobis
694 770 892 810 vicinam'.
921 770 1146 810 Verisimile
1180 771 1287 810 enim
1324 773 1387 810 est
1424 770 1619 810 Thaidem
1655 772 1796 822 utpote

314 833 490 873 vicinam
517 836 659 874 notam
687 846 777 874 esse
797 833 998 874 Chaereae
1028 836 1069 874 et
1095 834 1194 874 item
1222 834 1442 874 Chaeream
1470 836 1613 874 notum
1641 833 1796 883 Thaidi,

315 901 358 938 at
386 899 421 938 si
449 901 572 938 notus
592 901 712 948 esset,
742 900 962 938 ὅιελύετοᾶν
981 901 1004 949 ἡ
1025 900 1209 942 ὑπόθεσις
1237 898 1370 948 (schol
1392 898 1454 938 ad.
1475 898 1594 950 Soph.
1613 898 1669 938 El.
1690 899 1794 947 818).

314 963 373 1002 Ea
410 963 460 1002 de
495 975 620 1002 causa
653 963 765 1007 (Don.
784 962 885 1002 Eun.
905 963 994 1002 360.
1014 964 1050 1012 2)
1090 994 1097 1002 .
1127 993 1134 1002 .
1164 993 1172 1001 .
1201 964 1361 1004 additur
1388 964 1497 1012 color,
1536 965 1637 1012 quod
1665 968 1701 1003 et
1728 965 1795 1004 illa

314 1040 392 1067 non
420 1028 491 1066 diu
517 1027 648 1066 vicina
675 1031 730 1066 est
758 1031 793 1066 et
812 1029 913 1075 quod
932 1029 1153 1068 adulescens
1170 1028 1215 1067 in
1233 1027 1375 1067 Piraeo
1393 1028 1565 1077 primum
1584 1040 1797 1066 commora-

315 1095 377 1132 tus
413 1095 476 1131 est.
531 1089 645 1138 Quod
681 1089 788 1130 idem
828 1090 1047 1130 scholiasta
1088 1092 1196 1130 recte
1246 1090 1421 1143 explicat
1456 1091 1609 1130 359.1:
1646 1092 1793 1134 καλῶς;

313 1157 497 1205 quomodo
525 1156 630 1195 enim
653 1168 726 1206 pro
754 1156 927 1196 eunucho
954 1157 1089 1205 veniet,
1123 1156 1158 1195 si
1190 1156 1297 1195 novit
1330 1160 1400 1196 aut
1432 1160 1547 1196 notus
1574 1156 1657 1195 est?
1676 1187 1684 1195 .
1705 1185 1713 1194 .
1734 1185 1741 1193 .
1762 1156 1790 1204 l)

421 1229 524 1270 Eun.
539 1230 628 1269 434.
648 1232 844 1280 οἰκονομία
865 1232 916 1271 ad
935 1231 1039 1271 litem
1047 1230 1236 1280 futuram
1255 1231 1357 1271 inter
1370 1232 1530 1271 militem
1553 1235 1588 1271 et
1606 1231 1797 1275 'lhaidem‚

315 1294 368 1333 ad
396 1306 502 1345 quae
530 1294 743 1334 adsumas:

424 1368 525 1410 Eun.
545 1369 634 1409 440.
655 1370 690 1409 2.
718 1370 780 1410 hic
797 1384 942 1421 mayna
966 1372 1159 1420 οἰκονομία
1180 1375 1244 1420 est,
1264 1385 1342 1420 qua
1363 1371 1562 1410 Terentius
1575 1375 1800 1421 praeparat,

316 1436 635 1484 quemadmodum
661 1434 837 1485 iurqium
871 1435 975 1474 inter
1007 1435 1194 1474 Thaidem
1222 1435 1450 1484 militemque
1487 1438 1522 1474 et
1557 1434 1801 1475 Gnathonem

308 1513 383 1549 per
409 1500 511 1540 duas
531 1503 667 1550 partes
692 1503 823 1549 serpat
848 1499 1015 1547 fabulae.

422 1573 521 1612 Eun.
541 1573 631 1612 501.
669 1574 866 1623 οἰκονομία
903 1574 955 1613 ad
981 1573 1084 1614 litem
1100 1573 1290 1624 suturam
1317 1577 1353 1614 et
1380 1574 1528 1614 exitum
1554 1573 1711 1625 fabulae
1731 1607 1738 1614 .
1760 1606 1767 1614 .
1790 1607 1800 1616 .

421 1637 522 1677 Eun.
543 1638 632 1676 446.
669 1638 731 1678 hic
756 1639 964 1678 versiculus
987 1651 1192 1688 personam
1228 1639 1361 1678 militis
1397 1643 1432 1678 et
1464 1639 1682 1678 Gnathonis
1710 1652 1795 1678 con·

314 1703 443 1742 tinens
473 1715 562 1752 pro*
586 1703 804 1742 oeconomia
830 1702 1045 1752 inducitur,
1074 1715 1152 1752 qua
1178 1703 1384 1742 verisimile
1409 1702 1464 1752 fit,
1481 1701 1605 1751 facile
1632 1703 1792 1743 militem

312 1768 419 1816 ferre
437 1779 551 1816 posse
578 1767 763 1816 anteponi
789 1766 862 1805 sibi
881 1766 1130 1814 Phaedriam,
1159 1768 1228 1815 qui
1245 1780 1283 1806 se
1301 1780 1447 1817 semper
1465 1767 1694 1807 intelleoeerit
1712 1780 1792 1806 non

314 1830 461 1870 amari:
490 1831 580 1869 tum
607 1829 747 1882 incipit
775 1828 1098 1869 additamentum
1126 1829 1368 1870 scholiastae
1397 1830 1574 1870 alterius.

421 1904 521 1944 Eun.
541 1905 630 1945 609.
651 1905 686 1944 2.
724 1907 840 1944 muta
875 1906 1033 1944 vestem
1066 1928 1119 1933 —
1156 1906 1247 1946 haee
1274 1907 1490 1946 oeconomia
1517 1904 1615 1959 (est)
1651 1908 1702 1946 ad
1738 1907 1791 1954 id,

313 1972 416 2020 quod
443 1971 488 2011 in
514 1972 670 2011 domum
702 1970 868 2010 maiolis
894 1971 1094 2011 rediturus
1121 1974 1176 2010 est
1206 1971 1389 2011 Chaerea.

422 2044 522 2085 Eun.
535 2046 622 2084 719.
637 2045 700 2085 hic
709 2046 791 2085 iam
805 2047 1076 2095 προοικονομία
1092 2047 1143 2085 ad
1155 2046 1340 2096 futurum
1353 2046 1500 2086 exitum
1512 2045 1667 2096 fabulae
1681 2043 1796 2099 (est),-

314 2123 408 2149 nam
446 2111 539 2150 dum
575 2123 614 2149 se
654 2099 854 2150 ulciscitur
881 2110 1058 2161 Pythias,
1096 2110 1140 2158 fit
1175 2110 1365 2150 indicium
1390 2111 1504 2160 patri
1533 2110 1724 2151 Chaereae
1761 2114 1798 2149 et

314 2173 599 2222 confirmantur
626 2174 796 2223 nuptiae.

424 2238 708 2288 (προοικονομία
745 2236 820 2276 hoc
857 2250 938 2276 uno
979 2236 1065 2277 loco
1105 2236 1348 2277 Menandreo
1387 2239 1534 2287 exstat,
1582 2237 1630 2277 cf.
1669 2250 1792 2289 supra

313 2306 586 2351 προοικονομεῖ
609 2300 731 2340 schol.
753 2300 872 2352 Soph.
892 2300 949 2340 El.
974 2302 1102 2350 1384).

424 2475 446 2514 ¹)
469 2472 604 2506 Orditur
627 2473 692 2506 hoc
714 2472 868 2506 scholion
898 2475 933 2505 et
962 2473 1044 2506 item
1083 2473 1146 2506 Ad.
1162 2473 1213 2507 72.
1229 2473 1251 2506 2
1279 2473 1399 2515 (καλῶς
1421 2472 1606 2514 ἅντέθηκεν)
1639 2483 1661 2505 a
1693 2473 1797 2507 verbo

314 2527 432 2562 καλῶς.
462 2527 569 2559 Nemo
592 2526 796 2560 scholiorum
819 2527 1022 2559 Graecorum
1045 2527 1172 2569 peritus
1194 2527 1308 2561 multis
1330 2527 1414 2560 locis
1437 2538 1478 2560 ea
1501 2527 1549 2560 sic
1572 2527 1717 2570 incipere
1743 2528 1798 2570 (cf.

315 2580 420 2613 schol.
438 2581 542 2622 Soph.
558 2580 610 2613 Ai.
621 2580 673 2619 23,
690 2580 726 2613 Ο.
743 2581 782 2612 R.
802 2580 864 2613 118
878 2580 933 2621 al.)
955 2581 1074 2614 nescit.
