2118 3040
840 187 1108 226 -39-

236 295 523 336 Menandream
543 307 632 333 esse
651 293 865 334 nonnullos
884 295 991 334 viros
1019 294 1158 334 doctos
1169 296 1196 343 1)
1225 295 1355 333 secuti
1373 306 1594 334 censemuS.
1633 294 1711 333 Sed

235 360 317 399 iam
354 357 406 398 ad
438 359 642 398 Donatum
676 358 963 408 aggrediamur.
1018 358 1277 398 Aestheticus
1307 358 1526 398 scholiasta
1554 357 1603 397 ad
1633 358 1711 396 ini-

235 423 338 462 tium
365 421 486 462 huius
514 422 785 463 Terentianae
819 435 988 464 scaenae
1026 422 1163 463 scribit
1196 423 1352 473 (28.1.):
1394 424 1439 464 i‘n
1476 424 1547 463 hac
1572 436 1714 463 scaena

234 488 326 526 haec
357 488 481 526 virtus
509 491 573 537 est,
611 491 655 526 ut
682 485 769 540 (in)
806 489 1024 538 arqume‘nti
1060 488 1287 526 narratione
1324 488 1420 527 actio
1457 489 1629 527 scaenica
1655 488 1712 526 vi-

235 553 383 603 deatur,
412 556 456 592 ut
481 552 565 593 sine
591 552 751 603 fastidio
778 553 912 604 lonyus
938 567 1058 593 sermo
1085 553 1137 593 sit
1164 566 1210 593 ac
1235 553 1367 593 senilis
1394 553 1526 592 oratio.

342 625 454 666 Haec
481 626 601 665 ‘actio
630 626 826 666 scaenica'
856 626 992 666 autem
1018 627 1127 666 inest
1153 627 1195 666 in
1222 626 1338 666 iussu
1367 626 1475 666 senis
1505 628 1574 673 (vs.
1595 625 1674 675 28):

590 691 673 730 Vos
701 691 829 730 istaec
856 691 959 730 intro
988 690 1157 741 auferte,
1188 691 1318 731 abite!

235 754 339 794 Nam
367 753 450 794 tale
486 753 646 794 initium
683 754 835 806 cepisse
874 753 1084 806 soliloquia
1120 767 1263 794 senum
1297 755 1420 794 etiam
1448 754 1490 793 in
1517 752 1713 806 Adelphis

236 822 306 868 (vs.
328 820 390 868 26)
420 820 713 868 cognoscimus:

400 882 565 922 Storax!
594 894 675 922 non
703 881 821 921 rediit
848 882 925 922 hac
952 884 1070 923 nocte
1099 895 1124 922 a
1152 895 1253 923 cena
1279 882 1516 922 Aeschinus.

234 947 337 996 Ergo
367 946 416 986 de
445 959 617 986 scaenae
636 947 836 1005 principio,
866 947 971 998 quod
1001 948 1124 987 etiam
1152 947 1261 999 apud
1291 947 1555 986 Menandrum
1581 945 1709 985 fuisse

236 1010 441 1061 coniciam,
472 1010 689 1051 scholiasta
715 1012 823 1051 recte
850 1011 976 1051 verba
1002 1011 1109 1061 facit,
1139 1010 1238 1051 nihil
1264 1011 1441 1063 loquitur
1468 1010 1517 1051 de
1537 1022 1713 1063 persona

236 1076 373 1115 Sosiae
420 1075 481 1123 (de
511 1078 698 1126 ‘persona
738 1076 949 1126 protatica'
985 1079 1231 1126 postremum
1267 1076 1388 1114 schol.
1418 1076 1480 1114 28.
1499 1076 1561 1123 6.),
1604 1088 1708 1126 quae

233 1152 332 1179 non
380 1141 463 1179 est
514 1138 802 1188 Menandri,
867 1139 938 1179 sed
981 1139 1029 1179 de
1075 1141 1274 1179 ‘sermone
1320 1139 1439 1189 longo
1488 1151 1536 1179 ac
1576 1138 1707 1178 senili’

235 1205 395 1254 sumpto
434 1217 486 1242 ex
521 1203 674 1242 Andria
707 1203 1001 1252 Menandrea.²)
1057 1203 1188 1242 Huius
1216 1206 1360 1242 ‘sermo
1390 1203 1539 1242 senilis'
1569 1202 1712 1253 incipit

235 1280 259 1306 a
278 1279 399 1307 versu
417 1267 469 1307 46
489 1269 531 1307 et
549 1266 711 1307 Terenti
731 1265 1021 1316 additamenta,
1051 1267 1196 1319 quibus
1216 1266 1401 1307 omnibus
1419 1265 1538 1306 facile
1558 1278 1709 1316 careaS,

234 1331 529 1381 cognoscimus:
557 1344 616 1370 vs.
635 1332 687 1370 54
715 1332 819 1371 Itast
847 1331 906 1380 (cf.
927 1331 1028 1371 Don.
1048 1332 1110 1370 54.
1130 1332 1178 1380 3).
1210 1332 1271 1371 73.
1299 1331 1357 1380 Ei,
1385 1343 1524 1370 vereor
1541 1343 1593 1370 ne
1613 1330 1709 1382 quid

232 1394 386 1435 Andria
422 1395 608 1447 adportet
645 1395 740 1435 mali
777 1395 1053 1435 cf.105.106:
1093 1394 1167 1444 Oh,
1205 1396 1358 1434 factum
1397 1395 1516 1434 bene!
1556 1394 1709 1434 beasti:

232 1461 359 1499 metui
387 1473 413 1499 a
440 1459 643 1512 Chryside,
679 1462 720 1499 et
750 1460 825 1499 127
855 1459 984 1508 Quam
1018 1460 1139 1499 timeo
1174 1472 1364 1511 quorsum
1393 1459 1544 1499 evadas
1562 1482 1617 1487 —
1645 1459 1707 1498 86,

233 1523 366 1564 Teneo
398 1524 485 1564 103.
515 1523 617 1572 Quid
644 1524 766 1574 igitur
793 1523 941 1574 obstat,
971 1536 1070 1575 quor
1088 1536 1170 1563 non
1197 1523 1329 1563 fiant‘?
1351 1524 1437 1562 116.
1466 1523 1581 1572 Hem,
1611 1523 1705 1574 quid

232 1587 273 1627 id
310 1589 390 1627 est!
423 1589 508 1627 119.
546 1589 654 1627 bona
690 1589 894 1627 fortasse?
930 1589 1016 1627 137.
1059 1587 1161 1635 Quid
1194 1588 1285 1626 ais‘?
1323 1588 1409 1626 149.
1451 1600 1532 1625 non
1568 1589 1614 1625 tu
1651 1587 1707 1625 ibi

232 1652 430 1701 gnatum?
461 1652 548 1692 163.
595 1650 683 1700 Qua
709 1651 901 1703 propter?

339 1716 395 1755 At
432 1717 655 1765 longiorum
691 1716 996 1764 sententiarum,
1037 1728 1139 1766 quas
1168 1716 1284 1754 Sosia
1316 1714 1478 1766 profert,
1516 1715 1706 1753 maiorem

232 1782 387 1832 partem
409 1780 451 1820 in
470 1779 622 1820 Andria
639 1779 885 1820 Menandrea
912 1779 1021 1820 senis
1047 1779 1171 1820 fuisse
1191 1779 1434 1832 putaverim3
1463 1791 1559 1819 nam
1580 1778 1708 1820 Grae-

234 1857 321 1883 cum
350 1845 448 1884 illud
477 1846 584 1884 senis
613 1845 866 1896 soliloquium
892 1845 952 1883 ita
980 1845 1128 1895 optime
1160 1845 1365 1893 restituas,
1408 1846 1456 1883 ut
1485 1845 1578 1883 huic
1610 1856 1707 1882 sen-

231 1909 383 1948 tentias
404 1909 543 1950 Sosiae
571 1908 755 1954 reddas.⁸)
793 1908 932 1962 Neque
952 1909 1059 1949 enim
1079 1908 1238 1949 duabus
1257 1908 1509 1948 Terentianis
1527 1908 1709 1960 personis

231 1974 291 2013 ita
317 1974 466 2013 iunctis
495 1974 748 2014 offendimus.
805 1973 997 2014 Conferas
1026 1986 1175 2025 quaeso
1212 1975 1382 2025 (praeter
1401 1986 1481 2012 vss.
1500 1974 1551 2012 67
1573 1974 1622 2023 -1-
1638 1974 1706 2023 68;

234 2038 310 2077 142
327 2039 377 2087 4-
396 2039 487 2088 143;
519 2039 607 2089 154)
636 2052 717 2078 vss.
737 2039 789 2078 58
802 2051 885 2090 sqq.
913 2038 990 2078 hoc
1017 2037 1134 2078 modo
1165 2039 1416 2078 coniunctos:

339 2187 360 2227 1)
383 2187 436 2218 W.
453 2187 492 2219 H.
511 2188 653 2220 Grauert
675 2188 696 2220 l.
712 2188 733 2221 1.
749 2198 780 2230 p.
799 2188 876 2227 175;
900 2188 940 2220 K.
956 2187 1078 2226 Braun,
1096 2186 1333 2227 ‘Quaestiones
1356 2185 1597 2226 Terentianae’,
1627 2186 1706 2219 diss.

232 2240 414 2282 Gottingae
439 2241 521 2274 1877
543 2252 573 2284 p.
590 2242 690 2281 Ι7-9;
714 2242 748 2275 C.
764 2241 930 2275 Dziatzko
953 2241 1011 2274 1.1.
1035 2252 1066 2283 p.
1081 2241 1146 2274 244
1168 2244 1204 2274 et
1224 2241 1298 2274 249.

339 2294 360 2334 ²)
383 2293 431 2326 Fl.
452 2294 602 2334 Nencini,
621 2294 686 2327 ‘De
708 2295 866 2327 Terentio
895 2295 1034 2337 eiusque
1062 2293 1225 2327 fontibus’
1249 2294 1385 2327 Liburni
1409 2294 1489 2327 1891
1520 2304 1552 2336 p.
1573 2293 1616 2327 27
1644 2303 1704 2335 pro

232 2349 323 2380 certo
347 2347 450 2380 habet
473 2358 537 2381 vss.
553 2348 703 2382 42—127
719 2359 737 2382 e
753 2349 826 2382 sola
840 2348 1013 2381 Perinthia
1032 2348 1225 2382 accessisse.
1262 2347 1329 2381 Sed
1351 2348 1415 2381 hos
1429 2357 1546 2381 versus
1560 2347 1704 2379 Andriae

232 2404 267 2433 et
288 2401 480 2433 Perinthiae
510 2411 705 2434 communes
734 2402 840 2435 fuisse
862 2402 988 2434 Donati
1016 2402 1118 2434 verba
1143 2402 1192 2434 10.
1211 2402 1226 2433 1
1259 2402 1379 2434 docere
1408 2401 1506 2433 nobis
1538 2401 1705 2439 videntur,

231 2455 272 2488 cf.
289 2464 388 2497 supra
409 2454 484 2487 adn.
499 2453 521 2486 3
543 2464 573 2497 p.
589 2455 641 2489 38.

338 2508 361 2550 ⁸)
385 2507 580 2540 Gratissimo
604 2510 716 2542 animo
740 2510 904 2552 profiteor
925 2509 978 2541 his
1000 2509 1083 2541 locis
1107 2509 1148 2541 de
1169 2509 1228 2541 illa
1250 2519 1294 2548 re.
1320 2518 1386 2550 quo
1409 2508 1509 2540 modo
1525 2507 1704 2539 Terentius

231 2561 402 2595 Menandri
431 2560 553 2593 fabulis
581 2571 641 2603 pro
670 2563 740 2595 suis
761 2573 843 2596 usus
865 2563 918 2602 sit,
952 2562 1117 2605 permulta
1139 2572 1192 2595 me
1215 2562 1335 2595 debere
1357 2561 1387 2595 J.
1403 2560 1611 2599 Geffckenio,
1647 2560 1704 2603 qui

232 2615 506 2648 commentariola
528 2625 590 2647 sua
612 2615 653 2647 de
675 2617 857 2649 Menandro
880 2626 981 2649 manu
1003 2617 1127 2658 scripta
1149 2616 1230 2648 mihi
1251 2615 1408 2658 permisit.
