2118 3040
867 212 1136 252 —15-

263 321 342 361 erit
375 319 415 360 id
455 332 536 359 uno
573 318 755 372 exemplo
792 320 994 371 proposito
1033 318 1350 367 demonstraseff)
1412 317 1547 357 Verba
1583 316 1744 369 quidem

262 383 493 435 interpretis
522 383 735 423 aesthetici
763 383 829 423 vel
856 383 1029 424 scaenici
1056 384 1159 423 haec
1186 384 1284 422 sunt
1311 381 1360 422 de
1389 381 1613 434 ‘principiis’

674 607 900 658 Sophoclis
928 608 1127 649 Electrae
1155 607 1328 647 fabulae
1339 617 1351 646 ε

708 693 965 746 prologos,
1003 706 1102 734 vss.
1124 692 1291 753 1—120.

369 767 489 808 schol.
508 781 567 808 vs.
589 769 622 807 1.
661 769 931 819 Ἆπειρόκαλον
967 770 1009 808 τὸ
1046 770 1165 819 λέγειν
1204 769 1261 807 ὅτι
1300 770 1345 807 ὃν
1381 769 1525 818 τρόπον
1562 768 1605 806 τὰ
1643 768 1739 807 κατὰ

261 835 385 882 μέρος
411 837 477 883 τῆς
505 833 659 882 Ἰθάκης
687 835 710 882 ἡ
738 834 879 882 Ἀθηνᾶ
906 835 1023 878 ἔδειξε
1049 838 1106 882 τῷ
1133 832 1320 876 Ὀὀυσσεζ
1349 834 1474 875 οὕτως
1501 833 1576 871 ἔδει
1589 833 1655 870 καὶ
1673 832 1739 870 τὸν

260 896 512 946 παιδαγωγὸν
549 900 604 945 τῷ
637 896 794 946 Ὀρέστῃ
829 897 945 941 δεῖξαι
959 907 967 916 ·
981 901 1037 946 τῷ
1063 898 1135 946 μὲν
1164 896 1238 945 γὰρ
1267 897 1466 945 ἀγνοοῦντι
1501 897 1688 935 δείκνυσιν
1716 897 1738 934 ὁ

260 961 520 1010 παιδαγωγός,
548 964 604 1010 τῷ
633 961 675 999 δὲ
704 962 916 1000 ἀπιστοῦντι
943 962 1137 1012 ῆἏθηνᾶ.
1166 962 1315 1000 ἅπαντα
1337 961 1378 999 δὲ
1396 961 1488 1010 ἡμῖν
1507 961 1740 1011 φιλοτέχνως

261 1026 303 1063 ἐν
329 1026 467 1075 βραχεῖ
491 1026 709 1075 ὅεόήλωκεν
738 1026 760 1063 ὁ
786 1028 961 1075 ποιητής·
989 1026 1055 1064 τὸν
1081 1026 1201 1064 τόπον
1228 1030 1295 1075 τῆς
1318 1030 1480 1075 σκηνῆς·
1509 1025 1575 1063 τὸν
1593 1025 1737 1074 τρόπον

260 1089 318 1131 ὥς
354 1089 569 1139 παρέλαβεν
605 1089 721 1127 αὐτὸν
757 1089 861 1138 παρὰ
898 1094 963 1139 τῆς
999 1090 1169 1139 ἀδελφῆς
1207 1089 1273 1127 καὶ
1308 1089 1407 1138 πρὸς
1443 1088 1509 1126 τὸν
1541 1088 1737 1138 Στρόφιον

256 1154 429 1197 ἐξέθετο·
456 1153 524 1192 τὸν
537 1153 673 1203 καιρὸν
693 1154 733 1192 ἐν
752 1152 787 1203 ᾧ
804 1155 974 1203 πάρεισιν
988 1155 1040 1197 εἰς
1057 1154 1123 1197 τὰς
1136 1154 1350 1203 Μυκήνας·
1378 1153 1444 1191 τὸν
1471 1153 1643 1196 συνόντα,
1682 1154 1738 1191 ὅτι

257 1216 461 1266 Πυλάδης·
490 1218 584 1266 φησὶ
603 1217 676 1266 γὰρ
694 1218 913 1255 ῦποκατιὼν
926 1217 1114 1267 ’Πυλάδῃ
1142 1218 1178 1255 τί
1188 1217 1263 1267 χρὴ
1280 1218 1376 1266 ὁρᾶν
1400 1218 1441 1254 ἒν
1454 1217 1558 1266 τάχει
1575 1217 1735 1266 βουλευ-

256 1282 355 1319 τέον’
385 1282 427 1320 θ1;
456 1281 477 1319 1
503 1275 560 1308 ’-
588 1280 623 1320 ὦ
650 1286 717 1320 τοῦ
747 1283 1088 1332 στρατηγήσαντοςι
1125 1282 1309 1324 πολλάκις
1335 1285 1634 1331 παρατηροῦ
1644 1295 1735 1330 μεν

257 1346 316 1395 ὅτι
337 1346 375 1382 οἳ
390 1346 544 1383 παλαιοὶ
561 1346 606 1382 τὰ
626 1346 825 1383 συνεκτικὰ
843 1349 921 1382 τῶν
939 1346 1166 1383 ὑποθέσεων
1194 1346 1235 1382 ἑν
1254 1346 1390 1394 ἀρχαῖς
1418 1347 1509 1394 ἡμῖν
1537 1345 1734 1393 δηλοῦσιν·

257 1408 324 1446 καὶ
350 1412 420 1447 νῦν
449 1409 562 1459 δηλοῖ
583 1409 683 1459 πρὸς
709 1410 788 1447 τίνα
817 1409 839 1447 ὁ
866 1409 990 1458 λόγος,
1019 1409 1114 1459 ὅπερ
1142 1408 1191 1459 ἦν
1219 1409 1430 1458 ἀναγκαῖον
1456 1409 1680 1458 πρόσωπον.

364 1471 517 1511 Eodem
554 1472 672 1511 modo
711 1472 760 1511 de
798 1472 958 1524 prologo
996 1472 1128 1522 agitur
1164 1486 1190 1511 a
1218 1472 1440 1511 scholiasta
1478 1472 1597 1522 Soph.
1626 1471 1668 1510 Ο.
1687 1472 1733 1510 R.

255 1548 314 1575 VS.
337 1537 370 1575 1.
425 1535 523 1575 Phil.
553 1549 610 1575 vs.
633 1537 653 1575 1
685 1536 852 1588 ahisque
879 1535 985 1576 locis.

650 1710 718 1736 vs.
738 1697 795 1736 86
822 1695 1092 1736 inducitur
1118 1695 1339 1736 Electra.

363 1784 422 1810 VS.
443 1772 514 1810 86:
543 1773 751 1823 ὀλόφυρσίς
778 1774 853 1811 ἐστι
882 1776 948 1822 τῆς
975 1771 1180 1821 Ἠλέκτρας
1208 1772 1249 1810 ἒν
1275 1776 1355 1814 ταῖς
1382 1773 1605 1822 μονῳδίαις,
1634 1773 1731 1821 ὅπερ

255 1837 476 1886 σύνηθες
504 1835 737 1885 (‘familiare'
766 1836 986 1886 Donatusl)
1014 1840 1090 1879 τοῖς
1116 1840 1308 1886 τραγικοῖς
1335 1837 1528 1887 κινητικὸν
1554 1841 1621 1875 τοῦ
1640 1838 1730 1875 πέν-

254 1901 354 1943 θους
384 1901 552 1951 (πάθους
562 1901 598 1951 P)
612 1932 620 1940 .
647 1906 761 1940 τοῦτο
790 1902 833 1940 δὲ
859 1902 902 1940 τὸ
934 1902 1145 1951 πρόσωπον
1168 1902 1306 1940 εὔνουν
1322 1902 1397 1939 ἐστὶ
1415 1906 1471 1950 τῷ
1486 1902 1729 1940 ἀποθανόντι.

254 1965 335 2003 ἐπεὶ
364 1965 406 2002 δὲ
433 1966 561 2015 ἅηθέ
569 1981 589 2008 ς
617 1967 692 2004 ἐστι
718 1966 818 2015 πρὸς
853 1966 941 2008 τοὺς
977 1965 1117 2007 θεατὰς
1153 1967 1177 2014 ἢ
1209 1965 1309 2014 πρὸς
1338 1966 1476 2016 ἑαυτὴν
1503 1970 1617 2003 ταῦτα
1648 1966 1728 2004 dca-

257 2029 443 2077 λέγεσθαι,
481 2030 538 2072 ὡς
575 2031 884 2080 ἀπομεμφομένη
921 2033 998 2072 τοῖς
1025 2030 1131 2071 θεοῖς
1158 2031 1181 2078 ἢ
1210 2030 1410 2079 μάρτυρας
1450 2033 1528 2068 τῶν
1569 2031 1730 2080 θρήνων

251 2093 423 2131 καλοῦσα
451 2093 550 2142 πρὸς
574 2094 618 2132 τὰ
638 2099 800 2144 στοιχεῖα
817 2098 974 2133 ποιεῖται
992 2094 1057 2132 τὸν
1070 2094 1198 2142 λόγον’
1226 2093 1293 2131 καὶ
1307 2095 1432 2136 οὕτως
1452 2096 1543 2143 ἡμῖν
1563 2095 1618 2144 δη
1632 2095 1652 2132 λ
1663 2110 1697 2133 ω
1712 2119 1727 2125 -

252 2157 457 2205 θήσεται
486 2156 836 2207 (‘demonstratur’,
861 2156 1117 2197 ‘ostenditur’
1135 2156 1333 2206 Donatus)
1364 2159 1475 2200 ὅπως
1494 2159 1649 2197 διέκειτο
1669 2160 1729 2196 ἐπὶ

252 2223 308 2268 τῷ
336 2220 521 2269 συμβάντι
547 2221 644 2259 κατὰ
671 2222 737 2260 τὸν
764 2223 919 2273 πατέρα.

360 2390 382 2431 ¹)
405 2389 486 2422 Mihi
508 2390 542 2422 in
563 2391 718 2423 manibus
740 2394 836 2424 sunt:
868 2392 1046 2435 Sophoclis
1067 2392 1199 2424 Electra
1227 2392 1278 2424 ed.
1302 2392 1338 2425 Ο.
1355 2393 1462 2432 Jahn3
1494 2393 1595 2425 editio
1626 2394 1728 2426 tertia.

252 2445 369 2476 curata
390 2444 433 2476 ab
455 2443 580 2476 Adolso
591 2443 773 2484 Michaelis,
795 2445 934 2478 Bonnae
951 2445 1043 2479 1882.
1059 2464 1100 2469 —
1121 2444 1258 2477 Scholia
1278 2444 1313 2477 in
1337 2446 1514 2488 Sophoclis
1536 2446 1728 2488 tragoedias

253 2499 371 2530 vetera
392 2497 443 2531 ed.
465 2497 586 2530 Petrus
607 2497 647 2530 N.
662 2497 925 2540 Papageorgius,
955 2499 1086 2542 Lipsiae
1109 2499 1200 2532 1888.
1233 2498 1371 2533 Scholia
1391 2500 1427 2532 in
1442 2500 1633 2542 Euripidem
1663 2510 1727 2532 rec.

249 2550 425 2583 Eduardus
447 2550 629 2588 Schwartz¹
651 2549 800 2583 Berolini
820 2552 846 2585 Ι.
870 2552 964 2592 1887,
986 2553 1025 2585 II.
1049 2552 1141 2585 1891.
