2118 3040
945 152 1213 190 -34—

332 259 535 308 μιμήσεως
564 270 686 309 quam
714 256 822 309 apud
851 257 1091 298 rhetoricum
1122 258 1383 298 scholiastam
1410 258 1546 298 habet.
1593 260 1648 298 At
1676 261 1816 298 contra

333 321 375 360 in
390 320 645 360 Menandreis
663 321 814 360 fabulis
834 322 916 361 alia
935 321 1135 373 quaedam
1155 324 1339 372 ἠθοποιία
1359 335 1439 362 uno
1458 322 1544 362 loco
1560 322 1815 362 adscribitur:

334 384 408 424 Ad.
428 385 517 424 308.
537 385 562 424 3
600 387 652 425 ad
677 386 746 425 hoc
772 387 947 426 Sostrata
984 388 1172 437 iqnorans
1209 388 1421 436 inducitur,
1459 391 1504 426 ut
1539 388 1638 427 malo
1675 389 1815 427 nuntio

333 453 485 498 repente
511 450 691 498 feriatur.
739 455 775 489 et
802 452 896 499 quia
923 452 1091 500 oportuit
1118 452 1245 499 ipsam
1276 452 1449 500 priorem
1481 452 1598 500 loqui,
1629 464 1815 501 praesens

331 514 510 563 bquitur.
558 514 653 564 quia
680 518 808 554 autem
835 528 917 554 non
945 518 999 555 est
1029 515 1232 565 perdenda
1269 519 1349 555 tam
1381 515 1513 556 suavis
1540 515 1727 573 ἠθοποιία
1751 507 1814 559 do-

331 579 444 617 lentis
471 579 524 617 ad
541 580 777 627 irascentem,
807 580 948 618 idcirco
966 593 1046 618 non
1075 580 1186 618 audit
1206 580 1315 628 Geta,
1345 593 1545 618 conversus
1563 594 1612 618 ne
1638 581 1680 618 ob
1709 581 1815 618 illam

332 642 438 692 loqui
464 643 625 682 desinat.

439 705 526 745 Hoc
543 706 630 745 loco
645 705 889 745 Menandreo
904 708 1091 746 tenemus
1116 707 1377 746 scholiastam
1397 707 1510 746 illum
1532 707 1811 757 aestheticum‚

331 781 412 809 non
441 769 697 810 rhetoricum:
731 772 916 821 ἠθοποιία
945 769 1073 811 Getae
1101 770 1178 811 hoc
1206 770 1291 812 loco
1320 773 1383 811 est
1415 783 1607 811 morum:
1653 772 1814 822 ἤθους

330 834 561 884 notatio,
601 847 683 873 non
720 834 853 884 figura
881 837 1059 878 διανοίας.
1115 835 1207 874 Alia
1236 838 1300 875 est
1327 837 1506 886 ἠθοποιία
1535 836 1576 874 in
1605 835 1814 874 Menandri

331 897 430 937 locis
461 899 670 947 enarratis,
701 898 783 938 alia
810 899 853 938 in
882 912 963 938 non
992 899 1256 939 Menandreis.

864 1031 913 1076 4.
948 1031 1017 1076 De
1053 1030 1285 1077 astismo.

438 1124 498 1163 De
517 1123 594 1163 hac
614 1124 745 1176 specie
765 1123 978 1174 allegoriae
1006 1124 1122 1164 docet
1140 1125 1325 1164 Donatus
1346 1125 1404 1172 (A.
1425 1124 1490 1164 Gr.
1510 1138 1546 1176 p.
1566 1125 1654 1164 402.
1673 1126 1722 1163 16
1737 1124 1813 1174 Κ.);

329 1190 507 1228 astismos
521 1193 576 1227 est
590 1193 721 1239 tropus
734 1190 935 1239 multiplea·
947 1203 1245 1239 numerosaeque
1259 1190 1424 1232 virtutis.
1453 1202 1619 1238 namque
1638 1190 1813 1229 astismos

323 1256 492 1303 putatur
511 1254 699 1303 quidamst
717 1254 960 1303 simplicitate
978 1255 1125 1293 rustica
1143 1258 1245 1294 caret
1273 1258 1308 1293 et
1334 1254 1461 1304 faceta
1478 1254 1574 1293 satis
1593 1254 1814 1294 urbanitate

331 1318 542 1366 ompulitum
570 1321 633 1356 est.

437 1380 699 1433 Multiplicem
740 1383 899 1433 tropum
948 1395 1038 1421 esse
1087 1383 1287 1431 ἀστεϊσμόν
1341 1382 1436 1422 dicit
1477 1382 1661 1422 Donatus
1704 1382 1813 1430 (item

328 1445 544 1485 Diomedes
572 1447 614 1484 et
633 1445 893 1495 Charisius31)
923 1446 1176 1485 Herodianus
1205 1446 1278 1485 Rh.
1300 1446 1363 1486 Gr.
1383 1446 1445 1485 III.
1465 1447 1528 1486 98.
1551 1447 1599 1485 12
1630 1446 1811 1497 Spengel,

328 1511 568 1562 Anonymus
583 1509 646 1549 III.
667 1510 755 1548 214.
773 1511 809 1560 6,
831 1510 1059 1549 Demetrius
1074 1510 1136 1549 III.
1157 1511 1246 1550 291.
1269 1511 1314 1558 1.)
1332 1523 1407 1549 nec
1426 1512 1564 1549 tamen
1585 1509 1813 1559 diligentius

328 1573 505 1625 explicat
531 1572 602 1612 illa
638 1572 875 1625 multiplicia
903 1586 1062 1623 genera,
1101 1587 1205 1625 quae
1234 1574 1351 1613 nobis
1389 1576 1486 1613 sunt
1520 1573 1813 1625 cognoscenda;

328 1638 377 1677 cf.
411 1638 615 1689 Amplium
664 1638 926 1677 Cocondrium
970 1638 1055 1686 (Rh.
1086 1639 1150 1677 Gr.
1184 1629 1246 1677 ΙΙΪ.
1277 1639 1365 1677 235.
1394 1639 1485 1687 20.);
1527 1633 1700 1688 εἰρωνεία
1739 1640 1813 1676 ἐστὶ

326 1703 440 1752 λόγος
470 1702 532 1740 διὰ
560 1706 629 1740 τοῦ
664 1703 832 1740 ἐναντίου
860 1703 903 1740 τὸ
938 1703 1107 1740 ἐναντίον
1139 1704 1234 1752 μετά
1268 1717 1363 1745 τινος
1396 1704 1536 1753 ἠθικῆς
1572 1704 1812 1752 ὑποκρίσεως

330 1767 472 1816 δηλῶν,
503 1768 577 1804 ἔστι
607 1767 648 1804 ὃὲ
676 1767 792 1804 αὐτοῦ
820 1767 863 1804 τὸ
882 1765 1035 1818 [dvx-⁸2³&
1054 1769 1178 1816 ἡμῶν,
1207 1768 1249 1804 τὸ
1280 1768 1322 1805 δὲ
1349 1768 1410 1805 ἐπὶ
1437 1771 1515 1805 τῶν
1541 1768 1709 1816 πλησίον·
1747 1767 1813 1804 καὶ

326 1831 369 1870 τὸ
402 1831 476 1881 μὲν
513 1832 576 1881 ἐφ’
595 1832 710 1881 ἡμῶν
748 1831 1021 1880 ἀστεϊσμὸς
1057 1831 1221 1870 καλεῖται
1258 1832 1324 1870 καὶ
1361 1832 1651 1881 ἀντιμετάθεσις,
1689 1831 1732 1869 τὸ
1770 1831 1811 1869 δὲ

326 1897 387 1934 ἐπὶ
401 1899 479 1934 τῶν
498 1896 656 1945 πλησίον
673 1896 903 1945 χλευασμός,
923 1897 1198 1946 μυκτηρισμός,
1218 1897 1491 1946 χαριεντισμός,
1512 1895 1810 1945 ἐπικερτόμησις,

328 1960 552 2010 διασυρμός,
568 1961 794 2002 ἐναντίωσις.
829 1959 954 1999 Recte
968 1959 1090 2010 igitur
1104 1959 1148 1998 R.
1157 1959 1388 1999 Volkmann
1401 1960 1494 1999 Rh.²
1512 1972 1547 2011 p.
1560 1960 1637 1999 433
1659 1959 1810 1999 scribit:

325 2024 419 2063 ‘Der
457 2025 657 2074 ἀστεϊσμός
694 2023 750 2063 ist
789 2024 878 2063 eine
916 2024 1075 2074 witzige
1115 2023 1387 2075 Selbstisonie,
1426 2025 1690 2075 μυκτηρισμός
1728 2023 1811 2063 und

325 2089 544 2138 χλευασμός
573 2088 755 2138 dagegen
781 2088 1025 2128 bezeichnen
1045 2088 1108 2127 die
1138 2089 1208 2128 aui
1235 2088 1383 2128 andere
1408 2088 1627 2138 gerichtete
1655 2088 1811 2128 Ironie'.

324 2152 511 2192 Donatus
550 2155 690 2192 autem
732 2153 772 2191 in
812 2153 909 2192 Arte
947 2165 1023 2192 sua
1060 2152 1166 2192 sicut
1204 2165 1286 2192 non
1324 2151 1441 2192 docet
1473 2152 1669 2192 interesse
1705 2151 1812 2191 inter

324 2217 496 2256 ironiam
524 2217 566 2255 in
595 2230 639 2257 se
667 2217 801 2268 ipsum
830 2219 873 2257 et
900 2218 941 2256 in
970 2217 1071 2257 alios
1098 2217 1269 2267 factam,
1299 2218 1360 2256 ita
1387 2218 1513 2257 verba
1530 2218 1807 2267 μυκτηρισμόν,

324 2282 553 2330 χλευασμόν,
584 2282 797 2331 ὁιασυρμόν
825 2281 867 2319 in
886 2282 984 2319 Arte
1012 2293 1094 2320 non
1123 2280 1295 2320 exhibet.
1333 2281 1390 2320 At
1417 2280 1545 2320 multo
1574 2279 1692 2320 aliter
1709 2280 1811 2320 haec

324 2357 475 2395 genera
503 2347 699 2395 εἰρωνείας
728 2346 769 2384 in
798 2348 1023 2385 commento
1053 2345 1215 2385 Terenti
1243 2347 1480 2385 tractantur.
1537 2344 1720 2395 Agedum
1747 2345 1809 2384 in-

325 2409 544 2461 spiciamus
572 2409 693 2459 locos,
724 2410 793 2448 ubi
821 2410 1020 2459 ἀστεϊσμός
1048 2409 1210 2459 legitur:

411 2496 433 2538 ¹)
457 2497 577 2538 Itaque
593 2497 695 2528 etiam
705 2498 826 2528 auctor
841 2496 893 2528 his
908 2496 1016 2528 tribus
1031 2496 1258 2537 grammaticis
1273 2496 1507 2528 communis—
1518 2506 1595 2528 nam
1611 2495 1809 2534 Charisium,

324 2550 531 2588 Diomedem,
554 2550 727 2582 Donatum
758 2560 799 2582 ex
830 2549 956 2582 eisdem
986 2550 1139 2582 fontibus
1171 2550 1323 2582 hausisse
1355 2551 1491 2582 constat
1521 2549 1605 2590 (Keil
1629 2549 1684 2581 Gr.
1702 2549 1738 2582 L.
1764 2547 1810 2582 IV

324 2614 354 2646 p.
372 2603 441 2645 XL)
464 2622 507 2628 —
529 2604 598 2636 vim
620 2603 789 2643 ἀστεϊσμοῦ
813 2604 862 2636 sic
883 2604 1014 2637 statuit.
