2118 3040
919 183 1181 222 —38—

418 288 498 328 Sed
530 288 632 328 haec
666 288 893 329 aesthetica
925 290 1183 329 ‘Donatiana'
1196 291 1226 339 1)
1260 302 1311 329 ex
1346 290 1506 329 scholiis
1539 289 1794 330 Menandreis

309 352 433 393 ducta
461 365 561 403 esse,
592 366 684 392 cum
712 354 798 393 veri
826 354 957 406 specie
987 353 1213 393 ostendisse
1243 354 1340 392 mihi
1364 353 1516 401 videar,
1545 356 1683 394 tamen
1711 365 1793 393 non

310 417 568 468 probavimus
600 429 733 470 neque
766 416 1142 458 demonstravimus.
1184 417 1270 457 Hoc
1296 419 1343 458 ut
1361 430 1636 470 assequamur,
1666 430 1790 470 quae-

309 481 482 519 stionem
509 480 557 520 de
572 481 733 520 Donato
753 482 986 520 institutam
1016 494 1106 520 cum
1135 482 1281 520 studiis
1309 481 1513 521 nonnullis
1541 481 1793 521 Terentianis

307 544 373 585 vel
392 543 649 586 Menandreis
678 546 987 596 coniungamus.
1029 545 1134 586 Nam
1163 559 1255 586 cum
1283 546 1496 587 Terentius
1524 559 1607 587 non
1636 559 1793 599 semper

307 609 579 649 Menandreae
615 609 781 649 fabulae
819 622 991 649 scaenas
1029 610 1239 662 amplexus
1278 610 1343 660 sit,
1383 610 1643 650 scholiastam
1680 609 1792 649 illum

306 673 596 724 aestheticum,
639 675 672 714 si
715 674 876 726 quidem
918 677 982 714 est
1019 674 1307 724 Menandreus,
1345 687 1428 714 non
1465 688 1594 726 aeque
1632 677 1791 714 exstare

306 737 594 789 suspicandum
623 740 695 777 est.
752 739 1043 788 Aggrediamur
1079 739 1200 788 igitur
1239 737 1329 777 illas
1363 738 1623 790 quaestiones
1652 738 1790 777 Dona-

305 803 442 842 tianas
477 815 568 842 cum
596 802 851 842 Menandreis
880 803 1116 842 coniunctas
1155 802 1207 842 ab
1236 802 1390 842 Andria
1417 802 1558 842 fabula
1584 803 1790 853 incepturi.

902 1081 1191 1120 ANDRIA.

422 1165 616 1205 Andriam
664 1165 847 1206 fabulam
899 1179 988 1206 esse
1035 1167 1379 1206 ‘contaminatam’
1394 1168 1419 1215 ²)
1468 1168 1645 1214 constat,
1694 1179 1790 1205 nam

304 1230 519 1269 Terentius
549 1229 682 1277 (Andr.
702 1229 797 1282 prol.
820 1231 879 1269 13.
903 1231 975 1279 14.)

564 1307 671 1345 quae
699 1307 937 1343 convenere,
967 1294 1009 1333 in
1038 1294 1231 1334 Andriam
1260 1307 1311 1333 ex
1338 1293 1546 1333 Perinthia

563 1358 718 1397 fatetur
745 1358 1005 1398 transtulisse
1035 1361 1158 1409 atque
1187 1370 1307 1397 usum
1334 1370 1404 1409 pro
1433 1358 1528 1397 suis.

412 1433 497 1472 Iam
525 1433 647 1482 igitur
673 1433 716 1471 in
752 1433 880 1484 prima
919 1445 1068 1473 scaena
1104 1433 1220 1472 nobis
1258 1433 1468 1484 perspicua
1501 1434 1565 1472 est
1597 1445 1718 1484 opera
1747 1434 1788 1472 et

302 1509 369 1535 ars
398 1497 571 1536 Terenti.
626 1496 803 1536 Andriae
846 1497 953 1535 enim
996 1495 1173 1536 Graecae
1213 1496 1410 1548 expositio
1447 1509 1517 1548 per
1554 1496 1663 1535 senis
1691 1496 1787 1535 soli-

300 1561 494 1613 loquium,
542 1560 773 1600 Perinthiae
811 1573 882 1612 per
920 1561 1029 1600 senis
1077 1563 1120 1600 et
1163 1562 1299 1600 uxoris
1337 1560 1540 1609 dialogum
1577 1561 1687 1600 facta
1723 1563 1788 1600 est

302 1624 363 1673 (cf.
389 1624 489 1663 Don.
516 1623 636 1663 Andr.
664 1625 738 1674 14),
778 1624 851 1663 sed
888 1624 990 1663 haec
1029 1625 1140 1672 (Don.
1165 1624 1285 1662 Andr.
1315 1624 1374 1663 10.
1403 1625 1446 1673 1.)
1479 1625 1614 1674 prima
1648 1637 1787 1664 scaena

301 1690 528 1730 Perinthiae
567 1689 649 1739 fere
693 1690 814 1729 isdem
859 1689 982 1729 verbis
1027 1690 1163 1738 quibus
1203 1690 1360 1729 Andria
1400 1690 1545 1739 scripta
1585 1693 1647 1728 est.
1712 1688 1785 1727 His

300 1753 452 1792 Donati
494 1752 702 1792 adnotatis
748 1752 871 1792 fidem
918 1765 1000 1792 non
1047 1751 1321 1802 abrogandam
1368 1753 1495 1802 essess)
1543 1753 1584 1792 et
1625 1752 1786 1792 Terenti

301 1831 492 1858 scaenam
521 1817 548 1857 Ι.
570 1819 591 1857 1
623 1818 800 1869 exceptis
830 1818 887 1857 eis
915 1817 1024 1866 locis,
1055 1818 1123 1868 qui
1147 1818 1325 1857 attinent
1354 1817 1406 1857 ad
1426 1818 1582 1858 Sosiam
1610 1831 1784 1868 servum,

301 1894 424 1933 quam
463 1894 676 1933 personam
706 1882 919 1920 Terentius
959 1883 1223 1921 ‘extrinsecus
1252 1882 1497 1934 assumpsit’,
1537 1880 1708 1922 eandem
1737 1894 1784 1921 ac

410 2022 431 2063 ¹)
454 2020 668 2054 ‘Donatiana’
703 2031 779 2054 cum
813 2021 902 2059 dico,
941 2031 1009 2053 non
1043 2021 1178 2054 affirmo
1213 2021 1384 2054 Donatum
1421 2021 1531 2063 ipsum
1567 2021 1784 2063 interpretem

299 2075 463 2108 Graecum
497 2076 678 2118 expilasse,
713 2076 773 2107 sed
807 2076 980 2107 auctorem
1015 2075 1182 2117 quendam
1215 2074 1340 2107 Donati
1374 2075 1407 2106 id
1441 2084 1562 2107 munus
1595 2074 1783 2116 suscepisse

299 2138 421 2161 censeo
444 2130 548 2171 atque
571 2138 648 2160 eum
671 2129 817 2170 Asprum
838 2128 944 2160 fuisse
968 2128 1049 2160 mihi
1071 2128 1231 2170 persuasi.

407 2182 429 2222 ς“)
452 2182 503 2214 De
525 2181 694 2214 vocabulo
716 2180 990 2214 ‘contaminandi’
1013 2184 1145 2223 praeter
1166 2181 1251 2214 alios
1267 2181 1401 2214 disserit
1423 2181 1576 2214 Kauerus
1591 2181 1782 2222 (Dziatzko-

298 2235 411 2268 Kauer
433 2235 630 2277 Adelphos·
653 2235 784 2278 Lipsiae
809 2234 892 2268 1903
914 2246 945 2277 p.
961 2236 981 2267 7
1004 2235 1079 2268 adn.
1099 2235 1135 2276 1).
1584 2237 1586 2240 '

407 2289 428 2330 ³)
452 2288 640 2331 Utrumque
667 2289 869 2321 adnotatum
899 2289 1126 2321 Donatianum
1155 2298 1232 2321 esse
1254 2288 1420 2321 Dziatzko
1443 2288 1538 2329 (,‚Die
1567 2288 1693 2320 Andria
1723 2288 1782 2320 des

297 2342 497 2375 Menander“
525 2352 609 2376 mus.
626 2342 691 2375 Rh.
706 2342 824 2376 XXXI.
842 2342 926 2375 1876
948 2352 979 2385 p.
995 2342 1068 2384 249)
1098 2342 1282 2375 rectissime
1312 2344 1430 2375 contra
1457 2341 1659 2375 Guilelmum
1689 2341 1780 2381 lhne,

297 2395 533 2435 'Quaestiones
552 2395 786 2428 Terentianae'
806 2396 883 2428 diss.
900 2396 1039 2428 Bonnae
1057 2395 1141 2428 1843
1159 2406 1190 2437 p.
1209 2395 1256 2428 11.
1276 2395 1326 2437 12)
1352 2396 1403 2428 W.
1416 2396 1455 2429 H.
1466 2396 1633 2428 Grauerto
1657 2395 1781 2436 (Histo-

296 2448 406 2482 rische
428 2449 497 2481 und
519 2448 764 2491 philologische
787 2448 987 2488 Analekten‚
1011 2448 1163 2482 Mfinster
1187 2448 1279 2482 1833.
1313 2447 1422 2487 „Uber
1433 2449 1494 2482 das
1505 2448 1781 2482 Kontaminieren

297 2503 356 2535 der
370 2503 591 2535 lateinischen
603 2503 780 2535 Komiker⁴⁶
799 2513 832 2544 p.
847 2503 917 2543 175)
941 2513 978 2535 se
993 2503 1163 2545 applicans
1175 2503 1359 2536 contendit.
1373 2503 1584 2543 (Dziatzkoni
1598 2503 1782 2535 assentitur

296 2556 350 2589 Fr.
372 2555 512 2598 Kampe,
549 2555 629 2594 „Die
652 2555 842 2597 Lustspiele
872 2556 931 2588 des
954 2556 1082 2588 Terenz
1118 2556 1184 2588 und
1217 2555 1289 2588 ihre
1322 2555 1554 2598 griechischen
1582 2556 1780 2598 Originale‘,

297 2609 515 2642 Halberstadt
540 2610 623 2642 1884
645 2620 675 2651 p.
692 2610 733 2650 7).
