2118 3040
870 219 1137 258 -63-

266 329 521 380 gravatum’1)
543 328 565 367 i.
577 340 608 368 e.
624 327 776 380 nuptiis
791 327 1051 366 oneratum.
1093 323 1233 378 Neque
1260 325 1366 365 enim
1381 325 1567 365 Donatus
1590 326 1741 375 εὕρημα

265 393 320 433 ad
338 405 488 444 paucos
506 405 648 432 versus
667 392 839 431 adnotat
868 414 915 419 —
946 390 1075 430 multa
1093 391 1200 430 enim
1229 391 1367 429 essent
1394 391 1601 440 εὕρήματα,
1635 401 1740 440 quae

265 457 308 496 in
335 456 484 496 fabulis
512 455 746 496 adnotanda
775 456 913 495 essent
927 478 981 483 —
995 454 1067 494 sed
1085 455 1202 507 quasi
1221 454 1272 493 ad
1302 466 1493 494 scaenam
1521 453 1740 504 longiorem

266 521 325 569 (cf.
344 520 443 560 Don.
464 520 582 560 Andr.
602 521 691 559 481.
709 520 730 558 1
761 521 804 558 et
829 518 924 558 Hec.
943 519 1031 558 415.
1049 520 1094 568 1).

373 584 573 625 Tenemus
602 596 694 623 mea
707 579 712 605 ι’
722 582 883 635 quidem
915 583 1119 623 sententia
1147 582 1319 622 eundem
1346 580 1611 621 Menandrum
1637 594 1738 621 eun—

264 648 435 700 demque
463 649 723 689 scholiastam
743 647 942 687 Graecum
969 659 1088 698 quem
1115 648 1156 686 in
1186 646 1337 686 Andria
1364 645 1516 685 fabula.
1552 644 1737 694 Agedum

262 714 345 752 iam
380 714 628 766 inquiramus
664 711 707 750 in
743 710 926 751 fabulam
953 711 1116 751 tertiam
1144 710 1331 760 Terentii,
1375 709 1533 749 duabus
1576 709 1729 749 scilicet

263 778 410 817 fabulis
439 777 766 826 contaminatam,
795 775 1044 815 Eunuchum.

874 916 1119 955 Eunuchus.

369 1002 544 1042 Primum
559 1001 675 1041 nobis
696 1002 744 1041 de
760 1000 952 1041 Eunucho
971 1001 1112 1041 fabula
1126 1001 1441 1041 deliberantibus
1461 1003 1525 1040 est
1538 1013 1735 1053 quaeren-

262 1068 368 1113 dum,
397 1066 491 1118 quid
520 1066 595 1105 sibi
622 1065 750 1105 velint
782 1065 902 1105 verba
929 1065 1091 1105 Terenti
1118 1065 1218 1105 Eun.
1237 1065 1331 1117 prol.
1351 1066 1402 1105 25
1417 1078 1519 1117 sqq.:

415 1142 616 1181 exclamat
644 1173 651 1179 .
673 1172 680 1180 .
701 1171 708 1180 .

368 1207 429 1246 25.
450 1205 633 1246 Colacem
663 1217 750 1245 esse
778 1205 907 1244 Naeui
935 1207 976 1245 et
1004 1204 1149 1254 Plauti,
1180 1206 1358 1244 ueterem
1385 1204 1578 1256 fabulam,

452 1270 621 1322 parasiti
649 1282 863 1321 personam
890 1269 983 1308 inde
1012 1269 1193 1308 ablatam
1221 1271 1264 1308 et
1290 1269 1438 1309 militis.

453 1334 488 1374 si
515 1334 556 1374 id
584 1336 647 1374 est
674 1336 896 1386 peccatum,
924 1336 1136 1386 peccatum
1163 1333 1462 1386 inprudentiast

450 1402 607 1451 poetae,
637 1411 718 1438 non
746 1400 813 1450 qui
839 1398 993 1438 furtum
1020 1398 1152 1438 facere
1180 1398 1389 1438 studuerit.

450 1462 491 1502 id
518 1464 578 1503 ita
606 1476 696 1503 esse
723 1475 798 1502 uos
826 1463 907 1503 iam
934 1462 1110 1502 iudicare
1138 1463 1330 1515 poteritis.

365 1529 427 1567 30.
448 1528 572 1567 Colax
599 1527 868 1567 Menandrist:
896 1527 938 1566 in
967 1529 1057 1566 east
1084 1527 1287 1578 parasitus
1317 1526 1432 1566 colax

451 1593 493 1631 et
520 1590 633 1631 miles
662 1591 876 1641 gloriosus:
905 1604 975 1630 eas
1004 1604 1047 1630 se
1073 1592 1137 1631 hic
1164 1592 1245 1630 non
1272 1593 1398 1641 negat

450 1668 643 1707 personas
670 1655 929 1694 transtulisse
956 1656 995 1694 in
1025 1655 1265 1694 Eunuchum
1294 1667 1411 1694 suam

451 1732 501 1759 ex
530 1719 694 1760 Graeca.

365 1794 471 1834 Dicit
506 1795 628 1845 igitur
664 1794 875 1835 Terentius
913 1808 956 1835 se
993 1795 1216 1847 parasitum
1253 1796 1295 1835 et
1321 1794 1489 1835 militem
1527 1807 1578 1835 ex
1605 1793 1734 1835 altera

256 1859 397 1899 fabula
441 1860 709 1900 transtulisse.
776 1860 829 1900 At
873 1872 1005 1912 neque
1049 1860 1092 1900 in
1137 1859 1299 1911 prologo
1345 1862 1468 1911 poeta
1512 1872 1645 1912 neque
1690 1859 1734 1899 in

257 1925 483 1962 commento
510 1923 696 1963 Donatus
735 1925 810 1963 has
847 1923 948 1963 duas
976 1936 1169 1976 personas
1196 1925 1239 1963 in
1266 1923 1460 1963 Eunucho
1489 1923 1735 1963 Menandrea

257 1999 338 2026 non
365 1986 492 2026 fuisse
520 1990 707 2027 auctores
735 1990 843 2038 sunt,
882 1987 953 2027 sed
981 1988 1058 2027 hoc
1084 1990 1247 2027 tantum
1277 1989 1474 2028 sentimus
1502 1988 1733 2027 Terentium

257 2063 406 2100 magna
433 2051 704 2102 similitudine,
735 2064 838 2103 quae
865 2052 971 2091 inter
998 2052 1209 2104 utriusque
1236 2051 1401 2091 fabulae
1421 2064 1614 2103 personas
1642 2051 1733 2091 illas

255 2113 541 2166 intercedebat,
571 2118 816 2156 commotum
844 2129 945 2165 esse,
974 2118 1022 2155 ut
1041 2118 1253 2156 exornaret
1282 2118 1323 2156 et
1350 2116 1615 2168 locupletaret
1633 2117 1732 2166 ἦθος

631 2175 645 2190 .

256 2223 375 2255 contra
395 2221 535 2255 fratrem
550 2233 667 2256 senem
677 2178 695 2239 J‘
700 2223 863 2257 translate
878 2222 986 2257 usum’
1010 2233 1093 2263 esse,
1116 2224 1176 2257 sed
1192 2224 1284 2257 nullo
1301 2224 1385 2257 haec
1400 2224 1570 2257 sententia
1584 2224 1729 2257 fulcitur.

256 2276 390 2308 Etenim
411 2276 595 2309 secundum
616 2278 708 2310 vitae
731 2278 1007 2311 consuetudinem
1029 2279 1081 2318 fit,
1105 2280 1144 2310 ut
1165 2280 1322 2321 parentes
1343 2278 1467 2311 liberos
1481 2278 1674 2310 iamdudum
1687 2278 1731 2309 ad

257 2328 434 2372 ephebiam
455 2329 590 2363 adultos
612 2331 788 2364 nominent
808 2330 964 2374 ‘pueros'‚
997 2331 1032 2364 id
1055 2332 1145 2374 quod
1178 2341 1267 2364 nova
1297 2332 1480 2371 comoedia,
1510 2332 1602 2364 vitae
1636 2331 1731 2373 quasi

255 2382 437 2426 speculum,
468 2383 614 2417 exhibet.
660 2385 819 2418 Hebescit
847 2385 949 2427 igitur
980 2394 1112 2418 summa
1138 2385 1196 2418 illa
1227 2386 1375 2418 virorum
1405 2386 1580 2418 doctorum
1607 2385 1732 2426 ingenii

255 2437 355 2476 acies,
388 2436 598 2469 offensiones
631 2439 720 2470 enim
750 2439 848 2471 nobis
881 2448 950 2471 non
982 2439 1163 2478 tollendae,
1197 2439 1256 2471 sed
1288 2439 1483 2471 tolerandae
1516 2439 1608 2471 sunt:
1643 2448 1731 2470 unus

255 2489 431 2522 Terentius
459 2491 668 2523 accusandus
696 2494 758 2531 est,
790 2492 847 2534 qui
876 2501 998 2524 scaena
1020 2491 1223 2524 Menandrea
1252 2494 1383 2524 mutata
1412 2491 1499 2523 male
1528 2501 1598 2523 rem
1621 2491 1731 2532 egisse

256 2543 396 2576 videtur.

364 2597 385 2637 ¹)
413 2596 525 2635 „Beim
547 2596 737 2638 Menander,
767 2599 877 2641 inquit
907 2598 1110 2640 LessingiuS,
1140 2599 1217 2631 faut
1246 2609 1324 2631 man
1353 2599 1427 2631 dem
1450 2598 1550 2630 Alten
1581 2597 1643 2630 mit
1673 2598 1732 2630 der

255 2649 371 2682 Heirat
392 2649 485 2682 nicht
508 2649 775 2686 beschwerlich.“
