2118 3040
871 205 1137 244 -13-

377 311 596 351 Praeterea
632 325 722 352 cum
758 312 1019 352 Euanthiana
1056 310 1262 349 sententia
1298 310 1399 349 haec
1433 309 1485 349 ad
1513 310 1747 361 principium

275 386 448 417 scaenae
477 388 503 416 a
529 376 688 417 Donato
717 377 903 430 apposita
930 374 1084 415 scholia
1110 376 1218 415 recte
1248 376 1547 427 comparantur:

323 461 617 503 Euanth.111.4.
628 496 636 504 .
648 495 655 502 .
669 496 676 504 .
687 464 783 514 quin
793 464 909 503 etiam
918 476 975 502 so·

1095 460 1196 500 Don.
1210 460 1303 500 Hec.
1323 460 1350 499 Ι.
1369 462 1401 499 1.
1415 460 1488 508 (58.
1504 460 1540 509 3)
1569 461 1748 500 animad-

269 529 333 568 Zus
352 539 471 569 ausas
489 532 587 569 est..
603 559 635 569 ..
655 529 771 569 etiam
796 531 976 568 contra
1041 526 1264 566 vertendum
1309 529 1364 566 est
1409 526 1453 566 in
1497 525 1570 565 hac
1613 525 1748 571 fabula

264 593 597 642 praescripta
618 594 802 633 comica
819 604 976 631 mere-

277 656 434 696 trices
469 657 723 698 interdum
750 669 846 697 non
874 668 976 695 ma-

268 720 345 759 las
398 721 785 770 introducere,²)
842 721 977 769 quibus

270 788 398 826 tamen
425 789 460 826 et
487 798 615 837 causa,
651 799 721 826 cur
754 787 871 825 bonae
896 783 977 824 sint

269 853 306 888 et
333 851 506 900 voluptas
526 864 600 900 per
626 851 754 900 ipsum
777 862 858 888 non
876 848 975 895 defit.

326 1746 498 1787 Euanth.
513 1749 584 1788 [H.
595 1748 630 1788 5.
660 1749 881 1799 (Terentius)
897 1781 905 1790 .
922 1782 929 1789 .
945 1782 953 1789 .
969 1782 976 1790 .

272 1825 415 1852 morem
449 1813 623 1861 retinuit,
664 1817 709 1852 ut
750 1815 978 1853 comoediam

279 1875 466 1924 scriberet,
494 1879 530 1915 et
549 1878 769 1926 temperavit
786 1878 977 1928 affectum,

274 1951 324 1977 ne
352 1939 395 1978 in
423 1939 659 1990 trayoediam
678 1941 931 1981 transiliret..
948 1973 974 1980 ..

1049 590 1274 630 Terentium
1307 591 1481 629 bonam
1513 591 1748 629 meretri·

1042 667 1137 694 cem
1191 654 1543 704 inducturum,
1604 667 1653 694 ne
1706 655 1748 694 id

1042 723 1222 758 contra
1262 732 1441 758 morem
1476 720 1654 758 videatur
1685 717 1748 766 fa*-

1042 796 1132 833 cere,
1179 783 1294 824 etiam
1345 783 1464 825 aliam
1513 784 1748 824 meretricem

1041 861 1120 887 non
1164 849 1306 887 malam
1351 848 1545 897 inducere,
1600 852 1653 887 ut
1698 848 1748 886 id

1041 912 1285 962 escemplis
1327 911 1432 955 fiat
1474 912 1658 951 tritius
1704 916 1748 951 et

1040 989 1136 1016 usu
1158 977 1448 1016 verisimile
1468 975 1526 1025 (cf.
1542 975 1749 1015 Don.Hec.

1043 1040 1130 1079 774.
1145 1040 1182 1090 3,
1212 1041 1300 1080 840.
1320 1041 1353 1089 1,
1384 1040 1524 1089 756.1,
1556 1041 1707 1089 7761).

1095 1105 1195 1143 Don.
1220 1104 1411 1143 Hec.V.1
1443 1105 1595 1153 (727.1)
1630 1118 1749 1144 rarus

1042 1169 1103 1208 hic
1120 1170 1221 1209 vitae
1240 1171 1384 1210 color..
1401 1199 1408 1208 .
1426 1200 1432 1207 .
1453 1183 1547 1209 nam
1566 1171 1749 1209 meretrix

1041 1235 1212 1283 loquitur
1249 1238 1283 1273 et
1320 1247 1436 1274 senex
1476 1239 1521 1283 et,
1559 1236 1658 1284 quod
1694 1238 1749 1274 est

1042 1298 1323 1348 admirabilius,
1345 1299 1471 1339 bona
1488 1299 1748 1347 meretrix,

1041 1364 1146 1403 mitis
1182 1376 1310 1413 senex,
1349 1367 1393 1402 ut
1426 1364 1623 1415 intelleyas
1649 1363 1749 1404 zabo-

1041 1440 1148 1466 rasse
1178 1427 1410 1476 Terentium,
1442 1431 1492 1467 ut
1519 1431 1563 1466 et
1591 1440 1615 1466 a
1644 1428 1688 1467 le
1696 1441 1749 1478 qe

1041 1492 1333 1531 comicorum
1352 1493 1610 1531 recederet
1634 1495 1678 1531 et
1697 1492 1750 1531 in

1040 1560 1156 1596 actu
1204 1560 1370 1595 tamen
1418 1557 1748 1596 consuetudi-

1040 1634 1147 1660 nem
1173 1622 1437 1661 retineret.

1097 1748 1197 1789 Don.
1212 1749 1306 1788 Hec.
1321 1751 1393 1790 III.
1413 1751 1433 1788 1
1450 1750 1550 1798 (281.
1566 1750 1602 1798 5)
1631 1751 1750 1790 nimis

1043 1815 1241 1853 coturnati
1254 1818 1290 1853 et
1304 1815 1443 1864 trayici
1463 1815 1506 1853 in
1521 1814 1592 1854 hac
1610 1826 1750 1853 scaena

1043 1878 1187 1917 dolores
1214 1882 1346 1927 essent,
1385 1892 1465 1917 non
1493 1879 1633 1927 comici,
1671 1878 1750 1918 nisi

1042 1943 1197 1981 adderet
1207 1943 1267 1981 ‘ex
1280 1944 1432 1981 amore'.
1443 1940 1498 1980 Cf.
1508 1941 1603 1980 Hec.
1617 1942 1703 1981 171.
1711 1942 1749 1989 2,

1042 2006 1130 2044 284.
1146 2006 1181 2045 4.
1210 2005 1279 2044 Ph.
1298 2006 1383 2045 137.
1400 2007 1434 2050 2,
1457 2006 1544 2045 281.
1563 2007 1596 2056 1,
1615 2005 1749 2045 750.2.

381 2108 466 2148 Iam
507 2121 577 2160 pro
621 2112 727 2150 certo
769 2112 968 2151 habemus
1010 2112 1161 2152 scholia
1201 2112 1271 2151 illa
1312 2112 1537 2153 aesthetica
1582 2125 1751 2153 scaenas

274 2172 501 2224 Apollodori
520 2176 751 2214 enarrantia
769 2177 909 2228 paucis
927 2177 1025 2216 locis
1043 2177 1224 2228 inveniri,
1246 2190 1346 2228 quos
1366 2177 1527 2230 quidem
1547 2192 1573 2218 a
1590 2179 1750 2217 Donato

287 2237 437 2275 alienos
487 2249 576 2276 esse
631 2238 713 2277 iam
764 2239 834 2278 Ed.
875 2240 1197 2280 Scheidemantel
1246 2241 1443 2291 censuitfl)
1499 2241 1584 2281 Hoc
1629 2241 1751 2291 igitur

384 2363 405 2404 ¹)
436 2363 548 2395 Etiam
576 2364 795 2398 Menandrum
824 2367 932 2400 bonas
961 2368 1153 2400 meretrices
1181 2369 1321 2401 finxisse
1351 2369 1408 2401 illa
1429 2369 1574 2411 Chrysis,
1609 2379 1695 2410 quae
1716 2369 1751 2400 in

275 2416 391 2448 fabula
407 2414 565 2448 ‘Samiae’
587 2416 763 2459 inducitur,
786 2429 851 2453 nos
873 2421 993 2454 docere
1014 2423 1137 2464 potest.

383 2469 406 2511 ²)
430 2470 609 2503 Praeterea
637 2473 821 2505 seeundum
851 2475 1045 2508 comoediae
1075 2475 1280 2514 divisionem,
1316 2486 1401 2518 quae
1430 2477 1463 2508 in
1494 2478 1642 2508 tractatu
1663 2476 1751 2509 1V.5

284 2523 467 2555 invenitur:
485 2524 666 2565 prologum,
684 2526 847 2567 protaein,
868 2528 1015 2570 epitasin,
1036 2528 1259 2571 catastrophen
1276 2555 1283 2562 .
1298 2553 1305 2560 .
1319 2553 1347 2562 ..
1371 2530 1573 2572 catastrophe
1592 2530 1753 2562 conversio

282 2587 394 2610 rerum
421 2576 466 2610 ad
491 2576 647 2610 iucundos
676 2578 782 2612 ean-itm
798 2581 970 2622 patefacta
990 2582 1113 2615 eunctis
1134 2582 1311 2625 cognitione
1330 2582 1506 2625 yestomm'
1535 2583 1568 2615 in
1591 2583 1750 2626 principio

284 2639 479 2662 scaenarum
494 2630 795 2672 Apouodorearum
809 2634 1008 2667 adnotatur:
1031 2635 1117 2669 Don.
1134 2635 1269 2669 Phorm.
1285 2635 1309 2669 I.
1322 2636 1343 2668 4
1363 2636 1447 2676 (179.
1463 2637 1490 2677 1)
1507 2663 1514 2669 .
1529 2663 1535 2669 .
1550 2662 1557 2669 .
1571 2663 1578 2670 .
1594 2646 1693 2678 usque
1708 2636 1753 2670 ad

1493 2689 1535 2722 2*
