2118 3040
834 204 1104 242 -29-

230 312 354 363 igitur
381 309 541 350 scholiis
568 309 666 350 illud
693 311 822 360 ὥςπερ
849 311 1119 361 Ἀριστοφάνης
1148 311 1188 349 ἒν
1215 315 1293 353 ταῖς
1311 311 1505 360 Νεφέλαις
1536 309 1709 348 inveniri

230 374 350 414 facile
378 374 586 423 credimus,
616 386 698 413 non
725 375 766 413 in
795 374 1006 413 Romanis!

337 448 422 488 Nec
449 451 587 488 tamen
623 449 665 487 in
702 448 807 488 tales
847 449 1110 498 cogitationes
1145 448 1295 487 eadunt
1323 450 1360 487 ei
1386 449 1464 488 loci
1492 448 1708 487 commenti

231 513 463 558 fabularum
490 512 854 564 Apollodorearum,
893 513 961 565 qui
990 525 1039 551 ex
1067 512 1228 552 homine
1257 525 1350 552 vere
1378 512 1572 552 rhetorico
1611 514 1709 551 sunt

231 577 329 616 nati.
383 576 489 616 Nam
516 579 701 617 auctores
730 576 871 617 Graeci
898 579 1086 627 citantur,
1125 577 1192 628 qui
1226 580 1272 616 ut
1299 580 1485 616 auctores
1514 577 1707 615 orationis

230 641 436 680 ornandae
464 641 639 680 maxime
668 653 694 679 a
720 641 944 680 rhetoribus
972 640 1161 690 leguntur
1189 642 1231 679 et
1258 641 1504 692 expilantur:
1534 639 1707 679 Home-

232 718 310 745 rus
340 705 448 754 (locis
469 706 491 744 7
513 705 728 744 commenti
746 705 859 755 Men.‚
887 705 959 745 loc.
974 706 999 744 3
1017 704 1290 757 Apollodorei),
1324 706 1358 744 D
1370 719 1392 745 e
1403 717 1444 743 m
1454 717 1477 744 o
1489 718 1508 743 s
1519 707 1537 744 t
1548 705 1574 743 h
1586 717 1607 743 e
1618 717 1644 743 n
1655 717 1677 743 e
1688 717 1707 743 s

232 769 331 808 Don.
369 768 439 806 Ph.
478 770 547 817 68,
595 768 641 807 Is
654 771 862 807 ocrates
903 770 1003 807 Don.
1036 769 1107 807 Ph.
1146 769 1236 817 252,
1283 767 1562 820 Euripides
1608 768 1707 806 Don.

231 832 326 872 Hec.
346 833 435 871 214.

339 907 478 958 Neque
506 908 649 946 mirum
677 907 836 947 videtur
864 920 964 957 esse,
1002 907 1108 959 quod
1137 920 1186 946 ex
1217 910 1438 946 ceterorum
1467 906 1707 946 scholiorum

232 970 475 1011 Graecorum
503 984 612 1011 more
642 972 761 1011 etiam
791 971 866 1011 hoc
895 973 1165 1011 commentum
1190 970 1418 1011 fabularum
1439 970 1707 1010 Menandrea-

231 1047 319 1073 rum
361 1035 567 1084 ingenium
610 1035 735 1086 spirat
776 1036 1143 1086 Peripateticorum.
1196 1035 1255 1074 De
1296 1035 1359 1073 his
1396 1035 1706 1085 ‘philosophicis'

231 1098 426 1149 imprimis
454 1097 507 1137 ad
535 1098 696 1138 Terenti
723 1098 884 1138 fabulas
913 1098 962 1138 de
982 1098 1201 1138 Menandro
1230 1110 1446 1138 conversas
1476 1097 1706 1149 adscriptis:

233 1162 352 1202 Andr.
363 1163 468 1213 30.5,
491 1164 578 1202 716.
594 1164 630 1204 3.
645 1164 682 1212 4,
700 1164 787 1203 720.
802 1164 847 1214 5,
869 1163 942 1202 Ad.
958 1164 1036 1202 386
1055 1163 1102 1203 cf.
1122 1164 1156 1202 J.
1176 1163 1210 1203 J.
1231 1163 1428 1202 Hartman
1445 1162 1503 1202 1.l.
1515 1176 1551 1214 p.
1565 1163 1640 1201 117
1650 1175 1706 1214 sq.

338 1313 546 1351 Habemus
584 1314 706 1363 igitur
739 1313 997 1352 scholiastam
1032 1313 1317 1364 peritissimum
1345 1314 1443 1352 artis
1472 1315 1707 1363 οἰκονομίας,

231 1378 447 1427 ἠθοποιίας,
494 1378 700 1417 literarum
737 1378 989 1418 Graecarum.
1044 1379 1100 1417 At
1137 1377 1346 1428 permultis
1379 1377 1476 1416 locis
1505 1390 1587 1416 non
1615 1377 1708 1416 licet

231 1453 436 1480 secernere
478 1440 738 1480 scholiastam
775 1441 1072 1480 eaestheticum'
1115 1443 1157 1480 et
1194 1440 1473 1492 ‘rhetoricum'3
1511 1453 1618 1490 nam,
1662 1443 1709 1480 ut

230 1504 427 1544 Ciceronis
446 1505 579 1544 verbis
600 1505 648 1545 de
668 1519 721 1545 or.
739 1507 811 1546 ΠΙ.
828 1507 877 1544 27
904 1508 1078 1554 utamur,
1101 1507 1227 1556 poetis
1254 1510 1308 1545 est
1329 1507 1514 1555 proxima
1533 1507 1707 1556 cognatio

230 1582 316 1608 cum
343 1571 565 1610 oratoribus.
614 1569 863 1609 Scholiastae
900 1570 1022 1620 igitur
1054 1570 1278 1621 praeceptis
1324 1570 1527 1608 rhetorum
1560 1569 1707 1608 imbuti

233 1633 345 1671 varia
373 1632 554 1673 doctrina
576 1634 801 1673 aesthetica
824 1647 980 1685 quoque
1001 1634 1219 1673 instructos
1240 1647 1283 1673 se
1299 1636 1521 1685 praestant,
1537 1636 1586 1673 ut
1599 1633 1707 1673 idem

231 1697 468 1736 Aristoteles
497 1697 579 1737 dux
608 1700 650 1737 et
669 1700 809 1737 auctor
827 1698 925 1737 artis
944 1698 1164 1737 rhetoricae
1185 1700 1227 1737 et
1245 1699 1425 1749 poeticae
1444 1697 1533 1737 fuit.
1577 1698 1706 1746 Quam

231 1760 282 1799 ob
304 1772 388 1799 rem
406 1774 488 1800 non
507 1763 696 1801 miramur
715 1761 973 1801 scholiastam
994 1762 1244 1812 rhetoricum,
1275 1774 1394 1812 quem
1418 1762 1460 1800 in
1480 1764 1705 1801 commento

230 1823 583 1875 Apollodorearum
597 1826 851 1878 potissimum
864 1825 1093 1865 fabularum
1118 1825 1289 1864 inveniri
1304 1825 1488 1877 diximus,
1513 1825 1707 1866 nonnulla

230 1888 382 1927 scholia
400 1890 603 1940 praebere,
633 1903 737 1941 quae
757 1892 798 1929 et
816 1890 1013 1929 rhetorica
1032 1892 1074 1929 et
1093 1889 1318 1929 aesthetica
1341 1891 1546 1929 nominare
1566 1891 1706 1941 possis.

232 1951 318 1999 Quo
346 1952 388 1990 in
416 1966 582 1993 numero
611 1955 712 1993 haec
741 1958 838 1994 sunt
865 1954 1073 1994 habenda:

336 2028 383 2065 ἶὸ
395 2031 607 2079 ιωτισμό
619 2046 639 2073 ς
661 2031 730 2080 (τῷ
750 2030 987 2080 ἷὸιωτισμῷ).
1015 2028 1133 2068 Andr.
1146 2030 1207 2068 82.
1223 2029 1260 2077 6,
1280 2030 1365 2069 118.
1382 2030 1426 2079 2;
1442 2028 1542 2068 Eun.
1562 2030 1651 2068 531.
1668 2030 1703 2079 2,

230 2091 319 2130 681.
338 2092 380 2141 1;
425 2092 497 2132 Ad.
518 2094 579 2132 33.
595 2095 632 2144 3,
680 2095 795 2133 ἑὲ115.
811 2095 848 2143 3,
896 2094 1011 2132 *192
1027 2095 1063 2144 3,
1111 2094 1226 2133 *228
1242 2094 1278 2142 3,
1327 2094 1442 2133 *256.
1459 2094 1495 2143 2,
1535 2094 1651 2133 *276
1667 2095 1704 2142 2,

231 2155 346 2194 *329.
362 2155 398 2205 2,
415 2155 531 2196 ³⁵476.
548 2159 583 2207 7,
600 2158 717 2198 ὶῇ790.
732 2159 777 2209 5;
805 2158 899 2198 Hec.
919 2158 1008 2197 502.
1023 2158 1060 2207 3,
1081 2158 1170 2198 522.
1186 2158 1222 2208 4,
1244 2158 1333 2197 551.
1349 2158 1385 2207 5,
1407 2158 1496 2197 565.
1515 2159 1549 2207 1,
1566 2158 1654 2197 621.
1669 2158 1704 2198 3.

337 2349 359 2389 ¹)
388 2348 439 2380 De
461 2348 525 2381 hac
547 2359 582 2382 re
613 2361 689 2384 cum
717 2352 782 2385 alio
806 2354 958 2394 tempore
985 2352 1118 2393 longius
1141 2352 1301 2384 disserere
1330 2352 1364 2383 in
1391 2352 1503 2384 animo
1530 2352 1583 2389 sit,
1616 2361 1705 2384 nunc

230 2404 282 2435 sat
319 2403 371 2434 est
407 2402 576 2435 monuisse
609 2404 643 2435 in
677 2405 814 2437 scholiis
853 2406 986 2448 praeter
1016 2405 1241 2447 Peripatetica
1277 2405 1378 2437 etiam
1415 2404 1531 2436 Stoica
1563 2405 1706 2446 vestigia

229 2465 396 2498 apperere,
420 2466 506 2498 quae
527 2456 683 2489 videntur
705 2459 789 2491 haec
811 2469 902 2492 esse:
924 2459 1014 2499 λόγος
1036 2457 1216 2492 ἐνδιάθετος
1244 2476 1284 2481 -
1307 2458 1397 2498 λόγος
1418 2459 1620 2498 προφορικός
1642 2459 1704 2490 Ad.

228 2509 280 2541 30.
292 2509 322 2541 3.
332 2526 372 2531 —
381 2508 557 2540 Refellitur
579 2510 680 2549 δόγμα
692 2510 909 2552 Ἐπικούρειον
920 2512 1021 2544 Andr.
1037 2512 1110 2544 959.
1122 2512 1153 2544 4.
1163 2512 1214 2552 (1).
1236 2511 1456 2551 ἀκρότητες-
1466 2511 1603 2551 ἰσότητι-ς
1615 2511 1706 2554 (phy-

229 2562 287 2595 sici
308 2561 411 2602 aiunt)
433 2561 517 2594 Eun.
532 2562 616 2594 84.1
641 2563 692 2604 (cf.
709 2574 783 2607 app.
798 2565 967 2598 Wessneri
994 2566 1037 2598 ad
1065 2565 1154 2597 hunc
1181 2565 1312 2606 locum).
1336 2565 1355 2595 ὁ
1376 2564 1411 2595 τὸ
1431 2565 1582 2605 καθῆκον
1603 2569 1707 2596 ποιῶν

230 2616 290 2649 Ad.
307 2615 358 2649 69.
374 2615 395 2647 2
418 2615 487 2656 (qui
508 2621 605 2648 suwm
627 2617 771 2657 officium
792 2619 898 2659 facit).

1446 2682 1485 2714 3*
