2118 3040
882 157 1151 194 -10-

271 262 384 312 facit,
413 262 521 302 unde
550 275 642 302 eum
671 275 864 302 scaenam
891 263 1070 302 breviter
1096 264 1258 302 tantum
1286 265 1541 315 percurrisse,
1570 276 1652 303 non
1672 263 1764 302 dili-

273 328 415 376 genter
441 326 694 378 perspexisse
715 325 858 366 elucet.
899 325 1039 366 Affero
1054 326 1157 366 haec
1177 327 1378 378 exempla:
1406 327 1506 367 Don.
1521 327 1764 368 Phorm.V2

274 392 375 439 (766)
407 389 572 442 [queri
583 389 683 442 tur]
716 389 776 439 (cf.
797 403 920 442 supra
947 390 1042 430 Hec.
1061 392 1134 431 m.
1150 391 1175 429 3
1190 391 1468 442 ‘conquestio’)
1497 394 1544 432 de
1567 406 1607 432 se
1631 405 1764 441 sena,

275 456 376 504 quod
403 456 497 494 dum
525 455 640 493 avari
667 455 878 504 infamiam
906 455 1023 504 suffit,
1060 455 1170 494 stulti
1195 454 1527 504 reprehensionem
1555 457 1764 495 incidisset.

270 516 465 556 Videmus
494 517 617 566 igitur
650 517 924 566 scholiastam,
955 530 1047 556 cum
1076 519 1158 557 tres
1191 518 1354 556 tantum
1382 530 1527 557 versus
1558 519 1765 559 766-768

271 581 448 631 legisset,
478 580 581 620 haec
600 581 649 621 de
668 582 759 621 tota
778 594 928 621 scaena
947 581 1153 621 adnotare.
1197 581 1318 620 Cuius
1338 580 1498 634 quidem
1519 581 1766 622 scholiastae

274 645 429 685 indoles
460 645 591 697 qualis
619 645 743 686 fuerit
769 646 868 685 item
899 646 1016 685 docet
1034 645 1129 686 Hec.
1148 647 1200 686 ΙΙ.
1217 647 1242 684 2
1272 646 1443 695 (243.1);
1471 647 1516 687 in
1534 647 1605 687 hac
1622 660 1761 687 scaena

269 711 429 750 moralis
466 711 645 751 allocutio
682 710 872 760 Phidippi
908 715 962 750 est
999 712 1051 750 ad
1077 711 1200 759 filiam
1227 711 1425 750 mitissimi
1444 712 1576 761 patris
1603 712 1760 751 colorem

270 775 484 824 ostendens,
515 787 619 826 quae
644 774 770 814 verba
798 773 850 814 ad
878 776 961 813 tres
990 786 1132 813 versus
1162 774 1375 813 243—245
1404 776 1601 826 spectant.
1647 774 1765 823 Quae>

269 840 409 877 autem
429 840 644 878 occurrunt
662 839 704 877 in
724 839 824 877 Don.
839 838 934 878 Hec.
952 839 997 877 V.
1014 839 1038 877 2
1068 840 1169 887 (767.
1184 840 1232 887 1),
1263 838 1314 877 ad
1344 841 1427 877 tres
1446 851 1588 877 versus
1608 839 1758 877 Teren-

272 902 407 942 tianos
438 903 562 941 767-
574 903 651 941 769
672 902 822 942 valent.
854 926 901 930 —
933 901 1114 942 Eandem
1143 915 1227 941 rem
1254 902 1297 941 in
1316 901 1469 954 praef.¹)
1525 901 1625 942 Eun.
1640 904 1713 943 HI.
1733 903 1759 941 4

269 967 485 1006 observare
527 966 643 1006 licet:
681 981 850 1007 errorem
891 968 988 1007 ebrii
1027 967 1238 1007 Chremetis
1276 979 1329 1006 sc.
1369 979 1518 1006 scaena
1560 967 1766 1017 continet;,

267 1030 334 1069 hic
353 1043 513 1082 quoque
533 1030 748 1070 ‘Donatus’
771 1043 946 1070 scaenae
966 1030 1137 1082 primum
1157 1033 1320 1070 tantum
1340 1043 1503 1070 versum
1533 1032 1609 1070 727
1626 1031 1760 1070 ‘Attat

270 1095 369 1135 data
396 1095 528 1135 hercle
557 1095 682 1135 verba
710 1095 809 1135 mihi
837 1098 935 1135 sunt
963 1098 1029 1147 qs?
1060 1095 1169 1145 legit.

378 1169 452 1209 His
481 1172 621 1209 autem
650 1170 814 1209 scholiis
832 1170 1041 1209 rhetoricis
1061 1182 1110 1209 ea
1130 1169 1276 1209 addere
1295 1169 1428 1219 liceat,
1459 1169 1605 1221 quibus
1625 1169 1762 1218 agitur

270 1233 320 1273 de
344 1234 652 1285 ‘principio’.
691 1234 821 1285 Saepe
851 1234 969 1284 enim,
1000 1246 1091 1273 cum
1119 1233 1291 1285 plurima
1317 1233 1469 1273 fuerint
1497 1233 1546 1272 de
1571 1245 1618 1272 eo
1638 1245 1759 1284 prae-

272 1299 391 1349 cepta
433 1299 651 1347 oratorum,
695 1298 902 1350 quaeritur
939 1298 1034 1350 quid
1075 1298 1129 1337 sit
1165 1297 1402 1350 principium
1437 1297 1666 1347 (orationis),
1709 1297 1761 1337 cf-

269 1363 369 1402 Don.
389 1362 484 1402 Hec.
515 1363 576 1401 29.
599 1364 633 1401 1.
655 1363 691 1411 2,
731 1363 819 1402 247.
841 1363 878 1412 3,
896 1363 984 1402 263.
1004 1364 1037 1411 1,
1064 1363 1192 1402 470.1
1220 1363 1269 1402 al.
1294 1362 1364 1402 Ph.
1390 1363 1478 1401 270.
1496 1364 1529 1401 1.
1545 1362 1581 1413 3,
1605 1363 1693 1401 286.
1719 1364 1754 1412 1,

269 1426 358 1465 937.
375 1427 409 1465 2.
447 1426 570 1467 Andr.
591 1427 679 1466 286.
698 1427 731 1465 1.
769 1427 869 1466 Eun,
893 1427 978 1465 144.
997 1427 1022 1465 2
1052 1429 1124 1466 etc.
1167 1426 1366 1478 Interpres
1394 1426 1617 1466 rhetoricus
1637 1426 1762 1476 igitur

269 1491 393 1530 etiam
413 1490 462 1530 de
482 1491 684 1542 principiis
705 1503 943 1530 scaenarum
959 1491 1085 1530 verba
1103 1490 1203 1529 facit
1218 1491 1270 1529 ad
1288 1490 1363 1529 hos
1379 1490 1608 1541 Apollodori
1626 1490 1758 1529 locos:

375 1565 579 1606 Hec.H.1
612 1566 713 1614 (198.
730 1566 766 1615 2)
805 1567 997 1615 ἐμπαθῶς
1031 1566 1079 1605 ab
1113 1566 1389 1607 exclamatione
1415 1569 1591 1616 coepta
1617 1578 1757 1606 scaeua

267 1635 322 1669 est
330 1644 346 1679 ‚·
372 1644 490 1670 senex
517 1632 621 1670 enim
654 1635 708 1670 est
741 1631 916 1679 difficilis
949 1635 984 1669 et
1016 1631 1146 1670 iratus
1185 1631 1387 1679 (ἐμπαθῶς
1417 1632 1480 1668 est
1511 1629 1755 1668 vocabulum

268 1692 578 1733 scholiastarum
606 1693 895 1733 rhetoricorum
932 1693 980 1733 cf.
1000 1693 1096 1733 Hec.
1117 1694 1244 1733 2051
1275 1695 1466 1744 ἐμπαθῶς
1498 1694 1624 1744 coepit.
1681 1692 1757 1732 Ad.

267 1760 287 1777 ⁴⁵
306 1759 396 1798 301.
411 1759 436 1797 3
466 1760 656 1808 ἐμπαθῶς
684 1759 940 1809 σχετλιάζειβ)

377 1833 471 1873 Hec.
491 1835 602 1874 111.1
634 1834 735 1883 (281.
751 1834 788 1883 3)
828 1838 863 1874 et
893 1835 1215 1884 principium
1254 1848 1278 1874 a
1311 1847 1463 1874 summa
1497 1834 1614 1873 totius
1649 1834 1756 1874 mali.

375 1908 469 1948 Hec.
489 1911 561 1950 111.
577 1909 602 1948 5
633 1909 786 1958 (451.1)
816 1932 869 1937 -
897 1910 1018 1960 facete
1039 1910 1365 1960 principium
1389 1910 1669 1960 interroyantis
1687 1913 1752 1957 est,

265 1974 322 2013 ita
351 1978 396 2014 ut
423 1975 519 2013 sciat
547 1975 641 2023 quid
668 1974 742 2013 sibi
770 1986 1028 2023 responsurus
1054 1974 1117 2022 sit,
1157 1986 1267 2022 quem
1295 1976 1533 2024 interroyat:
1569 1973 1757 2014 illaturus

266 2043 320 2078 est
348 2039 453 2078 enim
480 2042 757 2089 aryumentum
779 2052 854 2087 per
882 2039 1100 2087 ἕπαγωγήν.

378 2199 401 2238 ¹)
423 2197 659 2230 Praefationes
681 2199 774 2230 totas
796 2198 924 2231 Donati
948 2207 1023 2231 esse
1046 2197 1197 2240 proprias
1218 2197 1394 2239 ambigunt
1415 2197 1478 2229 viri
1500 2197 1600 2230 docti.

376 2252 399 2292 ⁹)
422 2251 614 2283 Dolendum
646 2252 699 2283 est
727 2251 818 2293 quod
846 2260 950 2283 voces
981 2251 1129 2283 Graecae
1161 2251 1196 2283 in
1231 2251 1373 2283 noviciis
1404 2250 1497 2283 libris
1530 2260 1648 2282 omnes
1680 2249 1756 2281 iere

266 2304 507 2343 desiderantur,
539 2304 711 2336 codicibus
732 2306 847 2336 autem
870 2304 1116 2346 antiquioribus
1147 2305 1195 2345 (A.
1208 2304 1317 2344 B.V1)
1339 2304 1374 2336 in
1396 2303 1542 2336 maxima
1570 2303 1751 2335 commenti

265 2359 361 2399 parte
389 2357 543 2390 destituti
574 2367 707 2390 sumus:
738 2357 780 2390 cf.
797 2357 834 2391 P.
846 2357 994 2390 Wessner
1025 2357 1076 2390 ed.
1098 2357 1196 2391 vol.I
1223 2367 1255 2399 p.
1270 2356 1385 2390 XLIV.
1430 2356 1623 2389 Permultae
1649 2355 1754 2397 igitur

266 2421 369 2444 voces
391 2414 480 2450 sunt,
511 2422 605 2454 quas,
635 2421 712 2444 cum
733 2411 860 2453 aliquid
882 2412 965 2443 certi
987 2412 1021 2443 in
1045 2411 1214 2444 codicibus
1236 2421 1305 2443 non
1327 2411 1470 2452 legatur,
1499 2409 1599 2442 meris
1621 2409 1753 2442 coniec-

265 2465 352 2497 turis
373 2465 522 2497 virorum
546 2465 726 2497 doctorum
748 2463 917 2498 debemus.
962 2464 1030 2497 Eas
1052 2464 1150 2506 signo
1174 2463 1350 2497 asterisci*
1372 2463 1507 2503 notavi;
1529 2472 1609 2502 non,
1632 2464 1671 2495 ut
1692 2472 1753 2495 ne-

266 2529 380 2560 garem
403 2519 632 2551 coniecturam
662 2528 737 2552 esse
759 2518 976 2561 probabilem.
1007 2519 1066 2551 sed
1095 2520 1134 2550 ut
1156 2517 1422 2551 demonstrarem
1444 2526 1562 2550 vocem
1585 2516 1651 2550 hoc
1672 2517 1751 2549 loco

265 2573 378 2604 deberi
401 2572 623 2605 coniecturae.
