2118 3040
950 174 1219 213 -44.-

342 282 390 320 ut
417 281 578 321 nuntiet
606 281 770 333 nuptias
804 293 886 320 non
915 293 1046 330 veras,
1086 280 1155 321 sed
1195 280 1408 321 simulatas
1447 294 1547 321 esse.
1602 281 1647 320 In
1677 280 1829 321 Andria

341 344 551 384 Menandri
587 345 719 395 igitur,
759 358 850 384 eum
879 345 1075 385 Charinus
1109 345 1164 384 sit
1191 345 1353 384 Terenti
1381 358 1566 397 persona,
1605 345 1787 395 dialogus
1798 347 1827 394 ¹)

340 409 393 449 fit
419 409 525 449 inter
551 410 715 450 Davum
743 411 785 449 et
812 409 1078 461 Pamphilum.
1133 409 1208 449 Hic
1245 413 1385 450 autem
1425 410 1474 450 de
1502 409 1656 462 nuptiis
1685 409 1828 451 certior

340 474 474 513 factus
499 476 642 526 (usque
662 474 714 513 ad
733 487 793 513 vs.
811 475 903 523 369)
932 475 1101 513 miratur
1131 478 1173 513 et
1200 475 1358 525 quaerit
1385 475 1438 513 in
1468 474 1649 514 eadem
1677 487 1827 514 scaena

340 537 588 577 Menandrea
616 538 660 576 II.
676 539 720 578 2:
760 538 869 590 ‘quid
907 538 1029 588 igitur
1066 537 1141 577 sibi
1180 537 1267 577 volt
1304 539 1450 590 pater‘?
1488 550 1589 590 quor
1616 537 1826 578 simulatP'

341 601 447 640 Nam
475 602 517 640 in
535 601 678 641 fabula
697 601 852 641 Graeca
880 615 1050 641 scaenas
1071 602 1233 641 Terenti
1251 602 1295 642 H.
1311 603 1336 640 2
1351 603 1404 654 -Ι-
1416 602 1460 642 ΙΙ.
1476 603 1501 641 3
1527 615 1717 641 scaenam
1737 615 1826 642 esse

340 678 465 705 unam
493 665 582 705 luce
611 666 757 705 clarius
786 668 860 716 est,
901 679 992 705 cum
1020 679 1114 716 non,
1154 669 1199 705 ut
1233 666 1341 718 apud
1369 666 1615 715 Terentium,
1654 666 1825 706 Charino

340 742 501 779 egresso
530 743 639 770 nova
667 730 786 770 ordiri
804 732 981 783 potuerit
1010 731 1070 780 (cf.
1090 731 1379 771 Dziatzkonem
1408 731 1470 770 l.l.
1492 745 1527 783 p.
1545 732 1645 781 245).

450 805 529 846 Sed
570 806 652 845 iam
695 809 946 846 revertamur
987 806 1039 846 ad
1076 807 1225 846 Donati
1268 807 1558 846 commentum!
1601 806 1828 847 Scholiasta

341 870 590 909 aestheticus
632 870 675 909 in
714 871 905 922 principio
944 884 1117 910 scaenae
1155 872 1198 910 II.
1225 872 1249 910 2
1290 870 1464 922 explicat
1502 872 1603 920 (338.
1632 872 1696 920 1.):
1736 872 1827 912 haec

338 949 478 975 scaena
506 936 707 975 consilium
736 936 902 976 continet
928 949 1198 986 personarum,
1236 938 1287 976 ad
1323 950 1419 986 quas
1456 937 1625 977 maxime
1657 937 1827 987 pertinet

340 1004 612 1050 armamentum
631 1031 638 1038 .
660 1031 667 1038 .
688 1032 696 1038 .

449 1073 563 1122 Quod
583 1073 795 1112 consilium
815 1075 936 1125 poeta
956 1074 1139 1125 sequitur
1156 1074 1198 1113 in
1218 1074 1295 1113 hac
1315 1074 1496 1114 scaena?
1524 1074 1629 1114 Davi
1648 1074 1824 1113 narratio

340 1150 431 1177 eam
460 1137 596 1189 explet
623 1151 752 1189 usque
782 1138 833 1177 ad
862 1151 921 1177 vs.
941 1138 1030 1177 369.
1082 1138 1226 1177 Tribus
1255 1140 1394 1178 autem
1422 1139 1606 1178 versibus
1636 1139 1825 1178 extremis

341 1202 548 1251 Charinus,
587 1202 775 1241 nimirum
804 1203 851 1241 ut
880 1204 1130 1253 amoveatur,
1165 1203 1289 1242 ‘senis
1318 1203 1468 1243 amicos
1498 1205 1621 1242 orare’
1653 1202 1824 1242 iubetur.

340 1267 446 1306 Num
484 1266 560 1306 hoc
597 1266 809 1306 consilium
843 1267 920 1306 hac
960 1279 1110 1306 scaena
1147 1268 1405 1307 continetur?
1447 1267 1610 1306 Minime
1648 1268 1826 1318 quidem3

340 1330 450 1370 nullo
471 1331 577 1369 enim
596 1331 684 1370 loco
703 1330 868 1370 fabulae
889 1331 1085 1370 efficitur!
1123 1332 1229 1370 Num
1258 1331 1310 1370 ad
1329 1332 1490 1370 Davum
1516 1334 1590 1371 aut
1609 1332 1825 1371 Charinum

337 1396 555 1436 ‘maxime
595 1396 829 1446 pertinet
875 1396 1277 1448 arqumentum?!
1341 1395 1400 1435 Re
1446 1408 1544 1435 vera
1589 1396 1631 1434 in
1677 1408 1826 1436 scaena

339 1460 383 1498 ΙΙ.
409 1460 434 1498 3
473 1460 635 1498 Terenti
672 1472 870 1510 personae
910 1460 1189 1499 consiliantur!
1237 1461 1402 1508 Quaerit
1444 1461 1550 1499 enim
1591 1460 1824 1511 Pamphilus

339 1536 398 1563 vs,
417 1523 517 1563 375:
556 1525 670 1576 ‘quor
698 1523 907 1563 simulat‘xP
937 1526 979 1565 et
1007 1527 1146 1564 narrat
1176 1524 1315 1564 Davus
1344 1523 1625 1564 consilium
1654 1524 1825 1576 patris

339 1591 382 1628 et
409 1602 468 1628 νε.
492 1589 584 1637 383,
627 1591 844 1640 postquam
878 1590 1142 1638 interrogavit
1178 1589 1432 1640 Pamphilus:
1475 1589 1591 1638 ‘Quid
1628 1589 1776 1629 faciam
1787 1590 1821 1628 ‘?’

340 1654 516 1692 Davus
558 1653 832 1705 Pamphilo
876 1653 966 1693 dat
1013 1653 1295 1693 consilium
1337 1666 1388 1693 ne
1430 1654 1535 1706 patri
1577 1654 1823 1693 adversetur.

340 1717 498 1756 Scaena
543 1718 587 1755 H.
617 1718 641 1756 3
688 1718 811 1767 igitur
856 1719 1021 1757 continet
1068 1720 1268 1757 consitium
1308 1732 1584 1768 personarum,
1631 1721 1682 1758 ad
1728 1732 1825 1768 quas

337 1781 508 1821 maxime
529 1783 700 1832 pertinet
733 1787 1014 1833 aryummtum.
1063 1781 1221 1821 Verba
1262 1781 1562 1822 scholiastae
1603 1782 1824 1821 scaenici

338 1857 438 1883 non
486 1845 548 1884 ad
594 1857 840 1884 scaenam
888 1845 932 1885 H.
962 1846 986 1883 2
1034 1846 1239 1885 Terenti
1285 1845 1569 1897 quadrant,
1623 1845 1711 1885 sed
1763 1846 1824 1886 ad

338 1922 588 1949 scaenam
616 1909 706 1950 11.2
737 1912 778 1949 et
796 1910 840 1949 H.
861 1910 886 1949 3
916 1909 1013 1959 vel,
1053 1912 1109 1949 ut
1142 1910 1358 1962 apertius
1387 1910 1450 1959 id,
1487 1909 1611 1963 quod
1645 1910 1821 1959 sentio,

339 1973 521 2022 dicam,
552 1974 613 2013 ad
632 1987 875 2013 scaenam
894 1975 938 2012 II.
959 1975 983 2012 2
1003 1973 1285 2013 Menandri.
1315 1974 1404 2022 Qua
1423 1974 1472 2013 de
1493 1987 1643 2014 scaena
1661 1974 1824 2026 perinde

338 2040 461 2088 atque
490 2037 543 2077 ad
562 2039 718 2078 ceteras
740 2038 828 2077 illas
848 2038 1117 2078 Menandreas
1138 2037 1298 2078 disserit
1318 2038 1539 2079 scholiasta
1558 2038 1823 2088 aestheticus;

338 2177 523 2208 Akademie
545 2177 577 2208 d.
590 2177 703 2215 Wiss.‚
736 2177 912 2218 phil.-hist.
929 2178 993 2215 Kl.‚
1019 2178 1187 2209 Msmchen
1212 2177 1295 2209 1873
1318 2187 1349 2218 p.
1365 2177 1450 2218 614),
1485 2178 1537 2209 cui
1567 2178 1751 2209 assentitur
1774 2178 1822 2209 Fl.

337 2228 478 2262 Nencini
500 2229 521 2262 l.
537 2229 558 2262 l.
581 2240 612 2272 p.
628 2229 671 2262 35
694 2231 813 2262 contra
835 2230 872 2263 G.
889 2230 973 2262 Ihne
995 2229 1054 2262 1.1.
1077 2239 1108 2272 p.
1124 2230 1163 2262 15
1187 2231 1222 2262 et
1244 2229 1278 2263 C.
1295 2230 1460 2262 Dziatzko
1485 2230 1506 2262 l.
1519 2230 1540 2263 l.
1564 2240 1595 2272 p.
1610 2229 1684 2263 250.

426 2283 446 2323 ¹)
470 2283 544 2315 Hoc
565 2283 642 2316 loco
665 2284 787 2316 iterum
808 2284 843 2315 in
867 2284 1041 2316 officinam
1063 2284 1160 2326 quasi
1174 2284 1310 2316 Terenti
1332 2284 1497 2326 inspicere
1518 2284 1598 2316 licet
1620 2302 1661 2307 —
1684 2294 1762 2316 nam
1784 2284 1823 2316 ut

336 2335 371 2366 in
394 2344 517 2367 scaena
539 2336 562 2368 Ι.
582 2336 597 2367 1
624 2335 676 2376 (cf.
700 2336 810 2377 supra)
841 2336 1019 2368 Terentius
1050 2337 1197 2368 Simonis
1226 2337 1419 2368 Menandrei
1448 2337 1552 2368 verba
1573 2336 1671 2368 Davo
1695 2337 1822 2374 tribuit,

337 2389 386 2421 sic
408 2388 493 2422 haec
507 2388 641 2422 Charini
664 2389 778 2432 potius
802 2400 876 2423 esse
891 2389 1058 2433 Pamphili
1074 2389 1267 2423 Menandrei
1290 2400 1430 2423 censeo:
1454 2390 1528 2424 Ter.
1545 2400 1595 2423 vs.
1610 2389 1675 2423 340
1697 2390 1822 2423 Laetus

338 2445 391 2474 est
412 2444 528 2475 nescio
552 2444 631 2485 quid
655 2462 696 2466 —
718 2444 868 2475 nondum
891 2444 976 2475 haec
999 2445 1134 2476 rescivit
1156 2444 1247 2475 mala
1270 2462 1311 2467 —-
1334 2453 1383 2476 vs.
1400 2444 1474 2477 342.
1498 2445 1626 2477 Char.
1649 2444 1761 2476 Audin
1783 2446 1822 2475 tu

336 2495 456 2528 illum?
478 2514 513 2519 —
543 2495 681 2539 Pamp
694 2496 726 2530 h.
751 2496 837 2537 Quid
859 2506 922 2538 ego
946 2496 1072 2529 audio‘?
1095 2496 1147 2538 (cs.
1164 2497 1264 2530 Andr.
1282 2496 1355 2535 465,
1380 2496 1454 2536 592,
1477 2496 1673 2530 Menander:
1703 2497 1734 2528 τί
1751 2495 1821 2528 ποτ’

336 2544 519 2589 ἀκούσομαι
528 2551 546 2588 ;)
569 2550 643 2583 343.
668 2551 779 2583 Char.
805 2560 918 2583 cessas
940 2551 1104 2592 adloqui?
1119 2569 1159 2574 —
1177 2551 1359 2592 Pamph.
1383 2561 1480 2583 cesso
1503 2550 1665 2593 adloqui?
1687 2551 1731 2585 cf.
1746 2551 1821 2584 Ter.

337 2602 440 2634 Andr.
452 2601 533 2641 845;
556 2602 629 2635 363.
655 2603 907 2644 Pamphilu
921 2613 937 2635 s
960 2605 1051 2635 recte
1074 2604 1173 2635 dicis!
1198 2604 1314 2645 perge!
