2118 3040
946 165 1214 204 -32-

860 273 898 320 1.
933 272 1002 321 De
1037 272 1293 333 analogia.

445 367 545 406 Don.
560 367 635 406 Ad.
651 368 740 407 789.
758 369 778 406 1
808 370 972 407 multum
995 369 1181 408 laboravit
1202 369 1412 417 Terentius,
1441 372 1485 407 ut
1512 368 1717 417 ἀναλογίαν
1743 382 1820 407 ser-

338 436 446 472 varet
471 433 517 472 in
544 433 670 472 dolore
696 433 876 483 Demeae,
906 433 1006 482 quod
1033 433 1159 472 maior
1184 433 1289 473 debet
1320 433 1366 472 in
1395 432 1626 483 ctesiphone
1658 446 1736 472 esse
1762 447 1820 472 re-

330 496 536 547 prehensio
565 510 682 546 quam
707 498 753 537 in
780 497 926 536 deliciis
953 497 1146 536 Aeschini.
1212 495 1312 536 Eun.
1333 496 1421 535 790.
1436 496 1461 535 3
1489 497 1587 536 bona
1614 497 1795 548 analoqia
1808 511 1821 536 .·

337 561 405 610 qui
432 561 577 601 leviora
603 562 839 611 laudaverat,
868 561 930 602 hie
957 562 1170 601 eoeclamare
1196 562 1278 601 iam
1301 561 1405 601 debet
1420 594 1428 601 .
1441 594 1449 601 .
1465 593 1473 601 .
1489 593 1497 601 .
1722 555 1728 564 ¹

446 635 509 674 Ad
536 635 611 674 hos
640 635 748 675 locos
776 635 1044 675 Menandreos
1073 635 1241 685 legimus
1270 635 1542 685 scholiastam,
1572 648 1692 687 quem
1721 636 1820 674 artis

338 699 648 751 ethographicae
662 700 835 752 peritum
852 712 941 739 esse
956 702 1063 740 recte
1083 701 1291 740 contendit
1302 700 1349 739 H.
1362 700 1602 740 Steinmann
1619 699 1682 740 1.l.
1702 713 1738 752 p.
1754 700 1818 750 66,

337 765 399 803 67.
450 763 543 803 Alia
571 766 634 803 est
661 765 868 803 sententia
896 763 1051 804 scholii:
1085 769 1120 804 et
1147 769 1202 805 est
1227 765 1364 817 fiqura
1391 766 1583 817 analoqia,
1613 763 1719 816 quod
1747 763 1819 803 ad-

338 828 475 867 scribit
494 829 680 867 Donatus
699 828 794 867 Hec.
814 830 876 868 48.
893 830 916 866 2
946 829 998 867 ad
1017 830 1142 868 verba
1169 829 1321 880 prologi
1340 829 1591 868 Terentiani:
1619 828 1754 867 ‘facite
1773 831 1822 867 ut

338 894 478 931 vostra
495 892 716 932 auctoritas
731 892 846 931 Meae
867 892 1101 932 auctoritati
1119 891 1273 931 fautrix
1292 891 1546 944 adiutrixque
1566 892 1642 932 sit.²
1677 892 1819 944 Itaque

337 956 434 996 locis
449 956 489 995 M
500 969 522 995 e
533 970 557 995 n
570 970 596 995 a
605 969 633 995 n
644 957 669 995 d
679 969 699 994 r
708 957 784 995 eis
801 958 1005 1005 ‘avaaoyca’
1019 959 1083 995 est
1092 956 1335 995 vocabulum
1351 957 1594 995 scholiastae
1613 970 1638 995 a
1648 969 1669 994 e
1681 970 1700 995 s
1711 959 1730 995 t
1738 956 1766 994 h
1777 968 1819 995 e-

336 1020 454 1067 tici,
485 1019 861 1071 Apollodoreis
890 1033 984 1059 vero
1013 1020 1281 1059 rhetorici.

826 1193 873 1242 2.
907 1194 976 1241 De
1011 1193 1341 1252 amphibolia.

446 1288 633 1327 Donatus
671 1288 712 1327 in
741 1290 842 1327 ‘arte
884 1288 1160 1338 grammatica'
1191 1287 1462 1337 (Grammatici
1498 1287 1633 1327 Latini
1667 1300 1716 1327 ex
1744 1300 1820 1327 rec.

339 1353 386 1392 H.
405 1352 523 1391 Keilii
551 1351 629 1391 vol.
647 1352 718 1401 IV,
748 1352 906 1403 Lipsiae
939 1353 1041 1391 1864
1069 1365 1105 1403 p.
1125 1353 1215 1392 395.
1230 1353 1294 1401 20)
1333 1352 1470 1391 scribit
1506 1353 1548 1391 in
1584 1352 1650 1390 illo
1689 1352 1819 1403 capite

337 1416 400 1455 ‘de
430 1416 572 1455 ceteris
600 1415 793 1454 vitiis':

444 1481 689 1530 Amphibolia
711 1485 766 1519 est
785 1481 1019 1531 ambiguitas
1032 1481 1212 1520 dictionis
1227 1479 1287 1528 (cs.
1300 1480 1399 1519 Don.
1410 1479 1481 1519 Ph.
1493 1481 1528 1519 7.
1544 1481 1580 1527 2,
1597 1480 1658 1519 96.
1674 1481 1710 1527 4,
1727 1480 1817 1529 354,

337 1544 402 1594 al.;
445 1543 518 1584 Ad.
539 1544 643 1594 683),
682 1557 779 1594 quae
810 1544 862 1594 fit
895 1548 964 1584 aut
990 1558 1065 1595 per
1098 1558 1263 1584 casum
1290 1545 1734 1584 accusativum...
1772 1542 1820 1583 cf.

336 1608 459 1647 Andr.
480 1609 569 1647 896.
587 1609 620 1647 1.
658 1607 741 1657 Ego
770 1620 834 1646 me
863 1620 999 1646 amare
1028 1607 1134 1647 hanc
1160 1607 1293 1647 fateor
1310 1631 1364 1636 -—
1388 1609 1598 1658 ἀμφιβολία
1626 1612 1692 1658 τῆς
1720 1609 1820 1657 ἐρω-

336 1675 466 1724 μένης.
496 1671 569 1713 Ad.
580 1672 643 1712 33.
658 1672 696 1722 5,
717 1672 780 1712 86.
799 1673 841 1723 13
871 1671 991 1712 Andr.
1002 1672 1092 1712 564.
1111 1673 1152 1722 1;
1180 1672 1275 1712 Hec.
1286 1673 1348 1712 88.
1363 1673 1400 1722 3,
1423 1673 1512 1713 772.
1526 1673 1571 1722 33
1599 1672 1670 1712 Ph.
1689 1673 1778 1712 366.
1797 1673 1818 1711 1

338 1737 387 1776 cf.
406 1737 502 1776 Hec.
518 1737 607 1775 201.
624 1737 659 1775 2.

446 1803 529 1852 eper
557 1801 902 1849 genetivum':
931 1800 1052 1840 Andr.
1074 1801 1162 1840 261.
1178 1801 1202 1839 3
1224 1800 1504 1848 (misericordia
1522 1800 1668 1849 huius),
1697 1800 1820 1840 Andr.

340 1865 426 1903 156.
442 1864 479 1912 5,
511 1864 599 1903 262.
616 1864 662 1912 2;
690 1863 784 1903 Hec.
807 1864 895 1903 167.
910 1864 946 1903 3.

444 1928 691 1976 ambiguitas
730 1927 915 1967 dictionis
952 1927 1064 1966 facta
1102 1927 1181 1966 alio
1220 1927 1394 1978 quodam
1433 1928 1570 1966 modo:
1612 1927 1682 1966 Ph.
1703 1928 1765 1966 22.
1781 1928 1818 1975 2,

337 1992 400 2031 33.
416 1991 453 2041 3,
484 1992 547 2041 74,
568 1992 600 2031 1.
613 1991 649 2031 3.

446 2056 642 2094 Omnibus
679 2055 742 2094 his
780 2055 877 2095 locis
915 2055 1137 2094 secundum
1174 2056 1302 2105 legem
1330 2056 1440 2095 Artis
1475 2057 1684 2105 ἀμφιβολία
1712 2057 1820 2094 recte

337 2119 587 2159 adscribitur.
621 2119 761 2172 Neque
781 2122 921 2159 autem
941 2120 1250 2170 ambiguitatem
1279 2119 1475 2170 dictionis,
1505 2119 1649 2159 vitium
1677 2121 1819 2171 utpote

338 2185 544 2229 orationis,
584 2184 689 2222 sicut
716 2184 814 2223 facit
840 2184 1038 2232 Donatus,
1078 2184 1181 2223 alter
1208 2183 1428 2222 scholiasta
1454 2183 1551 2222 locis
1580 2183 1820 2234 quibusdam

337 2246 671 2286 Menandreis
709 2246 892 2297 adnotat,
931 2246 1002 2286 sed
1030 2250 1159 2287 artem
1187 2250 1228 2287 et
1255 2247 1429 2297 figuram
1457 2247 1579 2286 verbo
1609 2248 1821 2298 ἀμφιβολίᾳ

336 2311 500 2351 laudat:

445 2374 545 2415 Eun.
568 2375 683 2415 1090.
700 2377 734 2415 1.
773 2375 1003 2415 Secundum
1031 2374 1143 2415 facta
1172 2377 1213 2415 et
1241 2376 1413 2415 virtutes
1442 2377 1557 2414 tuas:
1587 2380 1622 2415 et
1648 2375 1716 2415 hoc
1744 2377 1819 2425 ἀμ-

337 2441 512 2491 φίβολον,
541 2454 635 2480 nam
662 2441 823 2480 virtutes
851 2442 1063 2490 εἰρωνικῶς
1084 2454 1160 2490 pro
1187 2442 1294 2480 vitiis
1315 2445 1539 2490 ponuntur.
1556 2472 1564 2480 .
1580 2472 1612 2479 ..

444 2503 567 2543 Andr.
587 2504 677 2543 955.
692 2504 717 2542 3
746 2505 937 2554 eleqanter
963 2505 1055 2543 lusit
1083 2505 1134 2543 ad
1161 2505 1431 2553 amphiboliam
1458 2508 1493 2543 et
1511 2505 1627 2543 simul
1645 2505 1819 2552 ostendit,

338 2581 454 2618 quam
476 2569 674 2619 propinus
710 2569 761 2608 sit
789 2568 992 2619 Pamphilo
1013 2573 1129 2619 pater
1165 2573 1200 2608 et
1237 2582 1351 2618 quam
1388 2569 1501 2618 facile
1527 2569 1681 2608 veniam
1707 2567 1821 2607 Davo
