2118 3040
973 183 1240 221 -52—

363 289 473 329 latae
501 289 607 328 illius
627 289 848 328 discordiae
874 289 989 337 (Don.
1008 290 1120 338 819):
1143 294 1304 339 propter
1329 289 1397 328 hoc
1422 290 1548 328 videri
1574 303 1653 328 nort
1679 290 1770 338 vult,
1798 302 1850 327 rte

363 355 447 394 eius
466 358 603 394 utatur
632 355 696 401 (sc.
735 365 861 393 senex
899 353 1019 402 Simo)
1059 355 1164 404 apud
1199 367 1369 393 socerum
1397 354 1627 403 testimonio,
1661 367 1742 392 rem
1769 366 1848 392 esse

364 418 565 468 Pamphilo
594 419 777 458 adversus
809 418 1043 469 Glycerium,
1073 422 1108 457 et
1135 431 1274 458 rursus
1299 418 1460 467 nuptiae
1488 416 1769 465 confirmentur.

472 492 618 544 Incipit
646 506 672 532 a
699 505 820 532 versu
849 492 934 532 Ter.
955 492 1034 532 820
1063 504 1196 531 novus
1224 493 1352 532 actus.
1403 491 1503 531 Cum
1531 493 1669 531 autem
1697 504 1848 531 scaena

365 558 413 596 V.
436 557 455 594 1
478 558 602 608 atque
631 557 727 596 item
758 569 861 608 quae
881 558 1108 608 sequuntur
1126 558 1239 596 totae
1268 556 1351 595 sint
1379 555 1660 606 Menandreae,
1691 567 1849 607 semper

362 619 516 660 scholia
558 621 711 672 optima
738 620 926 660 scaenica
968 619 1033 668 (ad
1069 633 1240 660 scaenas
1277 619 1545 659 Menandreas
1573 618 1637 658 IV.
1659 620 1693 658 1.
1714 620 1738 657 2
1759 621 1845 668 etc.)

363 684 555 734 leguntur
592 685 713 725 haec:
741 683 779 722 V
801 685 836 725 1.
873 684 984 732 (Don.
1011 684 1101 723 820.
1128 685 1174 730 1).
1215 685 1307 724 haec
1342 698 1481 724 scaena
1516 684 1732 734 officiorum
1769 685 1846 723 dis-

363 750 612 800 ceptationem
638 750 804 789 continet
821 753 984 800 patrum
1012 750 1114 790 iuter
1137 763 1177 789 se
1194 750 1240 789 de
1258 749 1383 800 officio
1402 750 1613 789 amicorum
1632 753 1667 789 et
1678 752 1848 799 paterna

354 815 502 864 pietate
521 815 773 854 tractantium
794 814 853 861 (cf.
873 813 963 853 820.
979 814 1003 851 2
1024 813 1284 852 scholiastam
1304 813 1544 852 rhetoricum
1552 813 1584 861 !).
1604 812 1651 851 V.
1667 813 1702 852 2.
1732 812 1845 861 (Don.

361 877 454 916 842.
467 878 513 926 1).
541 878 633 917 haec
650 891 789 917 scaena
802 879 1047 928 principium
1064 879 1205 918 indicii
1224 882 1259 917 et
1280 879 1528 918 iracundiam
1546 878 1648 917 sertis
1668 878 1843 926 continet,

362 946 476 991 atque
502 943 548 981 iu
576 955 621 981 ea
657 942 894 982 vehementer
930 943 1166 992 exprimitur
1203 944 1430 983 cousuetudo
1466 943 1591 992 patris
1627 955 1673 981 ac
1699 942 1847 981 domiui

360 1006 499 1056 offensi
527 1011 562 1045 et
588 1007 844 1056 indiyuautis.

469 1079 553 1118 Nec
589 1092 671 1118 non
711 1092 861 1118 scaena
889 1079 936 1120 V.
963 1080 1000 1129 3,
1039 1080 1109 1118 ubi
1146 1079 1309 1131 perinde
1348 1081 1582 1131 exprimitur
1615 1081 1846 1119 cousuetudo

354 1145 486 1194 patris
523 1145 680 1196 offensi,
720 1143 968 1183 Menandrea
1006 1146 1086 1193 est,
1128 1156 1224 1183 nam
1267 1156 1348 1183 uno
1392 1146 1554 1184 tantum
1596 1143 1681 1183 loco
1720 1143 1848 1183 verba

362 1208 471 1247 senis
501 1221 527 1247 a
545 1209 733 1248 Terentio
759 1209 801 1247 in
821 1209 953 1248 maius
973 1210 1096 1248 aucta
1124 1211 1232 1258 sunt,
1264 1208 1323 1258 (cf.
1343 1208 1444 1249 Don.
1464 1209 1553 1248 891.
1572 1209 1655 1259 1).1)
1695 1207 1844 1256 Quam-

363 1285 485 1325 quam
506 1275 643 1312 autem
664 1276 824 1325 praeter
849 1274 1192 1326 exspectationem
1212 1276 1394 1314 nostram
1412 1273 1489 1313 hoc
1512 1273 1597 1313 loco
1626 1272 1847 1312 scholiasta

363 1338 574 1376 scaenicus
602 1350 683 1376 non
704 1339 883 1387 occurrit,
912 1340 1050 1377 tamen
1078 1338 1120 1377 id
1148 1350 1240 1377 mea
1268 1336 1430 1389 quidem
1449 1337 1655 1376 sententia
1682 1337 1845 1376 minime

360 1401 507 1440 mirum
542 1403 618 1451 est,
656 1414 754 1442 nam
781 1402 823 1440 in
860 1402 940 1441 fine
977 1401 1143 1441 fabulae
1182 1414 1338 1453 semper
1375 1401 1499 1440 animi
1537 1401 1844 1440 scholi-astarum

362 1468 594 1504 commenta
621 1465 813 1517 perficere
842 1469 1068 1517 properant.

469 1540 548 1580 Sed
577 1540 630 1579 ad
649 1553 839 1580 scaenam
859 1540 906 1579 V.
927 1536 952 1579 4'
982 1540 1202 1589 (Menandri
1221 1540 1285 1580 IV.
1302 1542 1339 1589 4)
1360 1540 1520 1580 exsistit
1540 1540 1760 1579 scholiasta
1778 1540 1843 1579 ille

360 1604 610 1644 aestheticus
628 1604 729 1644 Don.
749 1605 838 1644 904.
862 1605 899 1644 1:
927 1606 990 1646 hic
1007 1606 1052 1646 iri
1069 1618 1247 1646 scaenam
1259 1606 1512 1657 proqreditur
1531 1605 1649 1656 Crito,
1670 1606 1714 1645 in
1732 1606 1844 1645 cuius

358 1671 481 1710 verbis
508 1684 587 1709 nou
614 1672 723 1709 modo
743 1671 842 1719 quod
868 1672 951 1721 ipse
971 1671 1178 1721 promittit,
1206 1672 1272 1710 sed
1300 1671 1416 1710 etiam
1434 1672 1526 1720 quid
1554 1671 1590 1710 ei
1617 1670 1845 1721 Pamphilus

359 1735 517 1784 diooerit,
546 1736 843 1776 demonstratur.
886 1739 921 1775 et
939 1735 1001 1775 hic
1019 1736 1174 1775 omniuo
1194 1749 1302 1774 error
1319 1736 1445 1775 omnis
1463 1736 1661 1785 aperietur
1677 1735 1842 1784 fabulae.

360 1808 460 1848 Cum
497 1809 575 1847 hac
612 1822 762 1848 scaena
798 1822 941 1848 revera
968 1810 1146 1848 ‘omnino
1184 1822 1291 1848 error
1328 1810 1381 1848 sit
1418 1811 1608 1861 apertus',
1649 1822 1674 1848 a
1710 1809 1843 1849 verbis

360 1872 580 1924 Pamphili:
622 1873 667 1912 ‘O
710 1873 891 1912 faustum
934 1875 976 1912 et
1016 1872 1174 1913 felicem
1220 1874 1327 1913 hunc
1369 1872 1486 1913 diem'
1517 1874 1619 1923 (956)
1661 1872 1844 1912 fabulam

361 1937 557 1977 Graecam
576 1937 702 1977 finem
723 1950 865 1989 capere
878 1939 906 1986 2)
935 1950 1067 1990 neque
1086 1950 1250 1977 necesse
1270 1950 1358 1977 esse
1378 1938 1549 1987 Davum,
1571 1950 1662 1977 cum
1681 1938 1843 1977 veniam

360 2002 397 2041 ei
426 2002 535 2041 Simo
565 2015 623 2041 vs.
644 2002 722 2042 956
752 2001 915 2051 dederit,
945 2001 1080 2042 induci
1108 2002 1249 2042 iudico.

468 2077 755 2117 Terentius
794 2079 931 2117 autem
961 2077 1120 2117 duabus
1149 2078 1302 2117 ultimis
1347 2079 1503 2117 scaenis
1540 2077 1588 2117 V.
1607 2078 1632 2117 5
1672 2080 1713 2117 et
1749 2077 1796 2117 V.
1817 2078 1842 2117 6

360 2143 525 2184 alterum
565 2156 750 2194 yeuerum
794 2143 986 2183 Chremeti
1027 2147 1236 2194 comparat,
1280 2157 1328 2183 rie
1369 2147 1440 2184 aut
1479 2143 1678 2184 Charinus
1724 2144 1844 2183 tristis

361 2209 511 2246 recedat
539 2211 609 2247 aut
637 2221 716 2247 mou
738 2209 941 2257 provisum
963 2208 1140 2248 videatur
1158 2208 1410 2248 Philumenae
1439 2207 1635 2254 (Donatus
1655 2207 1743 2246 957.
1767 2208 1842 2256 1).⁸)

468 2346 492 2386 ιθ)
515 2346 566 2378 De
589 2356 657 2388 quo
681 2346 827 2379 scholio:
859 2346 948 2379 mira
967 2346 1131 2388 gravitate
1151 2357 1265 2379 sensus
1293 2347 1397 2379 elatus
1418 2349 1482 2387 e⁸t;
1510 2356 1566 2379 nec
1586 2347 1623 2379 de
1645 2346 1842 2384 Menandro,

356 2399 411 2432 sed
420 2400 598 2441 proprium
616 2400 760 2433 Terentii
776 2400 818 2432 cf.
834 2400 887 2432 W.
901 2400 939 2433 H.
957 2399 1100 2432 Grauert
1114 2399 1134 2431 1.
1151 2400 1172 2432 l.
1195 2410 1225 2441 p.
1247 2400 1307 2432 185
1317 2408 1383 2442 sq.;
1407 2399 1458 2432 Fr.
1475 2399 1605 2442 Kampe
1620 2399 1640 2432 l.
1657 2399 1677 2432 l.
1701 2409 1733 2441 p.
1745 2400 1841 2432 8—9.

358 2471 399 2476 —
422 2453 473 2485 De
495 2452 625 2485 scholio
647 2452 722 2486 959.
739 2453 759 2485 3
781 2454 824 2485 ad
848 2453 932 2485 Eun.
948 2453 1004 2485 111.
1019 2454 1039 2485 5
1064 2454 1166 2485 verba
1187 2453 1286 2486 nobis
1309 2455 1390 2486 sunt
1410 2453 1574 2485 facienda.

466 2507 489 2545 ς)
514 2506 563 2538 Cf.
581 2506 825 2539 Dziatzkonem
847 2507 868 2540 l.
884 2507 905 2539 l.
931 2517 962 2548 p.
978 2507 1060 2545 274;
1084 2507 1123 2539 A.
1142 2507 1297 2548 Spengel,
1321 2507 1445 2540 Andr.5⁸
1468 2517 1500 2548 p.
1515 2506 1622 2538 XXIV
1634 2516 1683 2548 sq.

467 2560 489 2601 8)
513 2560 723 2601 Quamquam
753 2560 786 2592 in
815 2570 938 2593 scaena
960 2560 999 2593 V.
1015 2560 1036 2592 ὕ
1064 2560 1279 2602 soliloquium
1302 2560 1469 2602 Pamphili
1499 2561 1561 2598 est,
1591 2569 1669 2592 nam
1699 2569 1843 2602 persona

358 2613 493 2646 Charini
516 2623 585 2645 non
608 2615 662 2645 est
683 2612 868 2652 ‘admixta'‚
891 2616 1006 2646 tamen
1030 2613 1185 2646 Donatus
1208 2613 1291 2654 (957.
1308 2613 1338 2655 2)
1362 2613 1416 2646 hic
1439 2613 1479 2646 de
1498 2612 1694 2655 ‘colloquio’
1716 2613 1797 2655 agit.
