<?xml version="1.0" encoding="UTF-8"?>
<!DOCTYPE html PUBLIC "-//W3C//DTD XHTML 1.0 Transitional//EN"
    "http://www.w3.org/TR/xhtml1/DTD/xhtml1-transitional.dtd">
<html xmlns="http://www.w3.org/1999/xhtml" xml:lang="en" lang="en">
 <head>
  <title>
</title>
<meta http-equiv="Content-Type" content="text/html;charset=utf-8" />
  <meta name='ocr-system' content='tesseract 3.04.00' />
  <meta name='ocr-capabilities' content='ocr_page ocr_carea ocr_par ocr_line ocrx_word'/>
</head>
<body>
  <div class='ocr_page' id='page_1' title='image "4738072_0061.png"; bbox 0 0 2118 3040; ppageno 0'>
   <div class='ocr_carea' id='block_1_1' title="bbox 909 223 1178 260">
    <p class='ocr_par' dir='ltr' id='par_1_1' title="bbox 909 223 1178 260">
     <span class='ocr_line' id='line_1_1' title="bbox 909 223 1178 260; baseline -0.007 -9"><span class='ocrx_word' id='word_1_1' title='bbox 909 223 1178 260; x_wconf 65' lang='lat'>—47—</span> 
     </span>
    </p>
   </div>
   <div class='ocr_carea' id='block_1_2' title="bbox 292 326 1788 1722">
    <p class='ocr_par' dir='ltr' id='par_1_2' title="bbox 292 326 1788 1722">
     <span class='ocr_line' id='line_1_2' title="bbox 306 326 1788 383; baseline -0.004 -11"><span class='ocrx_word' id='word_1_2' title='bbox 306 331 554 383; x_wconf 77' lang='lat' dir='ltr'><strong>spectatores</strong></span> <span class='ocrx_word' id='word_1_3' title='bbox 591 328 805 378; x_wconf 73' lang='lat' dir='ltr'><strong>ignorant?</strong></span> <span class='ocrx_word' id='word_1_4' title='bbox 860 327 974 376; x_wconf 82' lang='lat' dir='ltr'><strong>Quod</strong></span> <span class='ocrx_word' id='word_1_5' title='bbox 1011 331 1058 368; x_wconf 92' lang='lat' dir='ltr'><strong>ut</strong></span> <span class='ocrx_word' id='word_1_6' title='bbox 1085 328 1305 377; x_wconf 84' lang='lat' dir='ltr'><strong>solvamus,</strong></span> <span class='ocrx_word' id='word_1_7' title='bbox 1345 329 1426 368; x_wconf 90' lang='lat' dir='ltr'><strong>iam</strong></span> <span class='ocrx_word' id='word_1_8' title='bbox 1455 330 1705 367; x_wconf 86' lang='lat' dir='ltr'><strong>revertamur</strong></span> <span class='ocrx_word' id='word_1_9' title='bbox 1733 326 1788 367; x_wconf 88' lang='lat' dir='ltr'><strong>ad</strong></span> 
     </span>
     <span class='ocr_line' id='line_1_3' title="bbox 306 389 1783 441; baseline -0.001 -9"><span class='ocrx_word' id='word_1_10' title='bbox 306 404 497 433; x_wconf 75' lang='lat' dir='ltr'><strong>scaenam</strong></span> <span class='ocrx_word' id='word_1_11' title='bbox 525 391 570 432; x_wconf 87' lang='lat'><strong>11.</strong></span> <span class='ocrx_word' id='word_1_12' title='bbox 585 392 620 440; x_wconf 90' lang='lat'><strong>6,</strong></span> <span class='ocrx_word' id='word_1_13' title='bbox 649 391 757 431; x_wconf 92' lang='lat' dir='ltr'><strong>unde</strong></span> <span class='ocrx_word' id='word_1_14' title='bbox 785 391 935 441; x_wconf 86' lang='lat' dir='ltr'><strong>egressi</strong></span> <span class='ocrx_word' id='word_1_15' title='bbox 963 404 1114 431; x_wconf 89' lang='lat' dir='ltr'><strong>sumus.</strong></span> <span class='ocrx_word' id='word_1_16' title='bbox 1168 391 1376 431; x_wconf 81' lang='lat' dir='ltr'><strong>Habemus</strong></span> <span class='ocrx_word' id='word_1_17' title='bbox 1404 392 1446 431; x_wconf 92' lang='lat' dir='ltr'><strong>in</strong></span> <span class='ocrx_word' id='word_1_18' title='bbox 1483 390 1634 431; x_wconf 88' lang='lat' dir='ltr'><strong>scholio</strong></span> <span class='ocrx_word' id='word_1_19' title='bbox 1663 389 1783 430; x_wconf 90' lang='lat' dir='ltr'><strong>modo</strong></span> 
     </span>
     <span class='ocr_line' id='line_1_4' title="bbox 306 455 1786 507; baseline -0.002 -10"><span class='ocrx_word' id='word_1_20' title='bbox 306 455 504 507; x_wconf 87' lang='lat' dir='ltr'><strong>exscripto</strong></span> <span class='ocrx_word' id='word_1_21' title='bbox 543 456 645 505; x_wconf 88' lang='lat'><strong>(449.</strong></span> <span class='ocrx_word' id='word_1_22' title='bbox 670 457 705 505; x_wconf 98' lang='grc'><strong>1)</strong></span> <span class='ocrx_word' id='word_1_23' title='bbox 743 455 870 496; x_wconf 87' lang='lat' dir='ltr'><strong>verba</strong></span> <span class='ocrx_word' id='word_1_24' title='bbox 907 470 1042 497; x_wconf 79' lang='lat' dir='ltr'><strong>aversa</strong></span> <span class='ocrx_word' id='word_1_25' title='bbox 1077 457 1308 507; x_wconf 57' lang='lat' dir='ltr'><strong>suspiciam</strong></span> <span class='ocrx_word' id='word_1_26' title='bbox 1350 469 1472 507; x_wconf 86' lang='lat' dir='ltr'><strong>quam</strong></span> <span class='ocrx_word' id='word_1_27' title='bbox 1515 457 1653 495; x_wconf 88' lang='lat' dir='ltr'><strong>autem</strong></span> <span class='ocrx_word' id='word_1_28' title='bbox 1697 467 1786 495; x_wconf 86' lang='lat' dir='ltr'><strong>sus-</strong></span> 
     </span>
     <span class='ocr_line' id='line_1_5' title="bbox 305 519 1784 572; baseline 0 -13"><span class='ocrx_word' id='word_1_29' title='bbox 305 520 502 572; x_wconf 90' lang='lat' dir='ltr'><strong>picionem</strong></span> <span class='ocrx_word' id='word_1_30' title='bbox 529 519 669 559; x_wconf 89' lang='lat' dir='ltr'><strong>Davus</strong></span> <span class='ocrx_word' id='word_1_31' title='bbox 698 520 965 560; x_wconf 82' lang='lat' dir='ltr'><strong>Terentianus</strong></span> <span class='ocrx_word' id='word_1_32' title='bbox 994 520 1143 560; x_wconf 88' lang='lat' dir='ltr'><strong>avertit</strong></span> <span class='ocrx_word' id='word_1_33' title='bbox 1169 532 1298 572; x_wconf 89' lang='lat' dir='ltr'><strong>usque</strong></span> <span class='ocrx_word' id='word_1_34' title='bbox 1327 520 1380 559; x_wconf 92' lang='lat' dir='ltr'><strong>ad</strong></span> <span class='ocrx_word' id='word_1_35' title='bbox 1407 532 1465 559; x_wconf 87' lang='lat' dir='ltr'><strong>vs.</strong></span> <span class='ocrx_word' id='word_1_36' title='bbox 1493 519 1603 558; x_wconf 76' lang='lat'><strong>449?</strong></span> <span class='ocrx_word' id='word_1_37' title='bbox 1650 519 1784 559; x_wconf 86' lang='lat' dir='ltr'><strong>Senex</strong></span> 
     </span>
     <span class='ocr_line' id='line_1_6' title="bbox 304 582 1783 637; baseline -0.001 -13"><span class='ocrx_word' id='word_1_38' title='bbox 304 582 430 624; x_wconf 89' lang='lat' dir='ltr'><strong>credit</strong></span> <span class='ocrx_word' id='word_1_39' title='bbox 453 583 644 635; x_wconf 84' lang='lat' dir='ltr'><strong>‘aliquam</strong></span> <span class='ocrx_word' id='word_1_40' title='bbox 663 583 740 623; x_wconf 91' lang='lat' dir='ltr'><strong>sibi</strong></span> <span class='ocrx_word' id='word_1_41' title='bbox 765 583 969 624; x_wconf 84' lang='lat' dir='ltr'><strong>fallaciam</strong></span> <span class='ocrx_word' id='word_1_42' title='bbox 995 584 1158 637; x_wconf 89' lang='lat' dir='ltr'><strong>portari&#39;</strong></span> <span class='ocrx_word' id='word_1_43' title='bbox 1188 586 1230 624; x_wconf 87' lang='lat' dir='ltr'><strong>et</strong></span> <span class='ocrx_word' id='word_1_44' title='bbox 1257 597 1348 624; x_wconf 90' lang='lat' dir='ltr'><strong>eam</strong></span> <span class='ocrx_word' id='word_1_45' title='bbox 1375 585 1417 624; x_wconf 90' lang='lat' dir='ltr'><strong>in</strong></span> <span class='ocrx_word' id='word_1_46' title='bbox 1445 583 1598 636; x_wconf 84' lang='lat' dir='ltr'><strong>nuptiis</strong></span> <span class='ocrx_word' id='word_1_47' title='bbox 1618 596 1644 623; x_wconf 90' lang='lat' dir='ltr'><strong>a</strong></span> <span class='ocrx_word' id='word_1_48' title='bbox 1661 582 1783 623; x_wconf 89' lang='lat' dir='ltr'><strong>Pam-</strong></span> 
     </span>
     <span class='ocr_line' id='line_1_7' title="bbox 304 647 1782 700; baseline -0.001 -13"><span class='ocrx_word' id='word_1_49' title='bbox 304 647 413 699; x_wconf 90' lang='lat' dir='ltr'><strong>philo</strong></span> <span class='ocrx_word' id='word_1_50' title='bbox 433 660 515 687; x_wconf 92' lang='lat' dir='ltr'><strong>non</strong></span> <span class='ocrx_word' id='word_1_51' title='bbox 542 648 749 687; x_wconf 79' lang='lat' dir='ltr'><strong>recusatis.</strong></span> <span class='ocrx_word' id='word_1_52' title='bbox 795 648 907 688; x_wconf 88' lang='lat' dir='ltr'><strong>Haec</strong></span> <span class='ocrx_word' id='word_1_53' title='bbox 933 648 1055 698; x_wconf 87' lang='lat' dir='ltr'><strong>igitur</strong></span> <span class='ocrx_word' id='word_1_54' title='bbox 1082 648 1255 700; x_wconf 89' lang='lat' dir='ltr'><strong>suspicio</strong></span> <span class='ocrx_word' id='word_1_55' title='bbox 1285 661 1401 688; x_wconf 89' lang='lat' dir='ltr'><strong>servo</strong></span> <span class='ocrx_word' id='word_1_56' title='bbox 1431 650 1495 688; x_wconf 90' lang='lat' dir='ltr'><strong>est</strong></span> <span class='ocrx_word' id='word_1_57' title='bbox 1521 648 1564 687; x_wconf 91' lang='lat' dir='ltr'><strong>in</strong></span> <span class='ocrx_word' id='word_1_58' title='bbox 1591 647 1782 699; x_wconf 89' lang='lat' dir='ltr'><strong>principio</strong></span> 
     </span>
     <span class='ocr_line' id='line_1_8' title="bbox 305 711 1782 752; baseline 0.001 -1"><span class='ocrx_word' id='word_1_59' title='bbox 305 723 477 751; x_wconf 86' lang='lat' dir='ltr'><strong>scaenae</strong></span> <span class='ocrx_word' id='word_1_60' title='bbox 502 711 546 750; x_wconf 92' lang='lat'><strong>11.</strong></span> <span class='ocrx_word' id='word_1_61' title='bbox 562 712 586 751; x_wconf 93' lang='lat'><strong>6</strong></span> <span class='ocrx_word' id='word_1_62' title='bbox 615 711 837 752; x_wconf 87' lang='lat' dir='ltr'><strong>avertenda</strong></span> <span class='ocrx_word' id='word_1_63' title='bbox 865 715 906 752; x_wconf 86' lang='lat' dir='ltr'><strong>et</strong></span> <span class='ocrx_word' id='word_1_64' title='bbox 929 713 1077 752; x_wconf 89' lang='lat' dir='ltr'><strong>avertit</strong></span> <span class='ocrx_word' id='word_1_65' title='bbox 1104 712 1148 751; x_wconf 93' lang='lat' dir='ltr'><strong>in</strong></span> <span class='ocrx_word' id='word_1_66' title='bbox 1177 724 1325 752; x_wconf 89' lang='lat' dir='ltr'><strong>scaena</strong></span> <span class='ocrx_word' id='word_1_67' title='bbox 1347 711 1594 752; x_wconf 87' lang='lat' dir='ltr'><strong>Menandrea</strong></span> <span class='ocrx_word' id='word_1_68' title='bbox 1627 713 1782 752; x_wconf 78' lang='lat' dir='ltr'><strong>simu-</strong></span> 
     </span>
     <span class='ocr_line' id='line_1_9' title="bbox 301 775 1782 827; baseline -0.002 -11"><span class='ocrx_word' id='word_1_69' title='bbox 301 779 410 816; x_wconf 82' lang='lat' dir='ltr'><strong>lata</strong></span> <span class='ocrx_word' id='word_1_70' title='bbox 436 777 699 816; x_wconf 76' lang='lat' dir='ltr'><strong>discordia</strong></span> <span class='ocrx_word' id='word_1_71' title='bbox 724 776 1009 827; x_wconf 85' lang='lat' dir='ltr'><strong>(Pamphili)</strong></span> <span class='ocrx_word' id='word_1_72' title='bbox 1030 791 1137 816; x_wconf 83' lang='lat' dir='ltr'><strong>cum</strong></span> <span class='ocrx_word' id='word_1_73' title='bbox 1161 778 1327 816; x_wconf 85' lang='lat' dir='ltr'><strong>amica</strong></span> <span class='ocrx_word' id='word_1_74' title='bbox 1355 777 1467 825; x_wconf 89' lang='lat' dir='ltr'><strong>(Don.</strong></span> <span class='ocrx_word' id='word_1_75' title='bbox 1487 775 1608 815; x_wconf 84' lang='lat' dir='ltr'><strong>Andr.</strong></span> <span class='ocrx_word' id='word_1_76' title='bbox 1627 776 1717 815; x_wconf 88' lang='lat'><strong>598.</strong></span> <span class='ocrx_word' id='word_1_77' title='bbox 1734 777 1782 824; x_wconf 86' lang='lat'><strong>7).</strong></span> 
     </span>
     <span class='ocr_line' id='line_1_10' title="bbox 302 838 1781 891; baseline 0 -13"><span class='ocrx_word' id='word_1_78' title='bbox 302 840 392 888; x_wconf 78' lang='lat' dir='ltr'><strong>Qua</strong></span> <span class='ocrx_word' id='word_1_79' title='bbox 429 838 625 879; x_wconf 81' lang='lat' dir='ltr'><strong>discordia</strong></span> <span class='ocrx_word' id='word_1_80' title='bbox 652 838 845 879; x_wconf 89' lang='lat' dir='ltr'><strong>simulata</strong></span> <span class='ocrx_word' id='word_1_81' title='bbox 883 838 1074 891; x_wconf 87' lang='lat' dir='ltr'><strong>deceptus</strong></span> <span class='ocrx_word' id='word_1_82' title='bbox 1101 840 1187 880; x_wconf 87' lang='lat' dir='ltr'><strong>iure</strong></span> <span class='ocrx_word' id='word_1_83' title='bbox 1215 840 1382 879; x_wconf 89' lang='lat' dir='ltr'><strong>miratur</strong></span> <span class='ocrx_word' id='word_1_84' title='bbox 1419 841 1544 891; x_wconf 86' lang='lat' dir='ltr'><strong>pater,</strong></span> <span class='ocrx_word' id='word_1_85' title='bbox 1574 851 1644 878; x_wconf 91' lang='lat' dir='ltr'><strong>cur</strong></span> <span class='ocrx_word' id='word_1_86' title='bbox 1671 838 1781 878; x_wconf 85' lang='lat' dir='ltr'><strong>filius</strong></span> 
     </span>
     <span class='ocr_line' id='line_1_11' title="bbox 300 902 1781 956; baseline 0.001 -14"><span class='ocrx_word' id='word_1_87' title='bbox 300 903 508 943; x_wconf 88' lang='lat' dir='ltr'><strong>subtristis</strong></span> <span class='ocrx_word' id='word_1_88' title='bbox 548 902 596 943; x_wconf 91' lang='lat' dir='ltr'><strong>de</strong></span> <span class='ocrx_word' id='word_1_89' title='bbox 626 903 779 956; x_wconf 87' lang='lat' dir='ltr'><strong>nuptiis</strong></span> <span class='ocrx_word' id='word_1_90' title='bbox 812 903 878 954; x_wconf 82' lang='lat' dir='ltr'><strong>sit,</strong></span> <span class='ocrx_word' id='word_1_91' title='bbox 918 905 961 943; x_wconf 90' lang='lat' dir='ltr'><strong>et</strong></span> <span class='ocrx_word' id='word_1_92' title='bbox 989 904 1101 952; x_wconf 91' lang='lat' dir='ltr'><strong>(Don.</strong></span> <span class='ocrx_word' id='word_1_93' title='bbox 1120 904 1210 944; x_wconf 89' lang='lat'><strong>449.</strong></span> <span class='ocrx_word' id='word_1_94' title='bbox 1228 905 1263 953; x_wconf 93' lang='lat'><strong>1)</strong></span> <span class='ocrx_word' id='word_1_95' title='bbox 1293 909 1452 956; x_wconf 74' lang='lat' dir='ltr'><strong>apparet</strong></span> <span class='ocrx_word' id='word_1_96' title='bbox 1478 905 1639 944; x_wconf 79' lang='lat' dir='ltr'><strong>Davum</strong></span> <span class='ocrx_word' id='word_1_97' title='bbox 1674 917 1781 943; x_wconf 77' lang='lat' dir='ltr'><strong>nunc</strong></span> 
     </span>
     <span class='ocr_line' id='line_1_12' title="bbox 300 969 1779 1018; baseline 0 -11"><span class='ocrx_word' id='word_1_98' title='bbox 300 980 493 1017; x_wconf 79' lang='lat' dir='ltr'><strong>quaerere,</strong></span> <span class='ocrx_word' id='word_1_99' title='bbox 532 969 625 1016; x_wconf 81' lang='lat' dir='ltr'><strong>quid</strong></span> <span class='ocrx_word' id='word_1_100' title='bbox 652 969 875 1018; x_wconf 65' lang='lat' dir='ltr'><strong>respondeat</strong></span> <span class='ocrx_word' id='word_1_101' title='bbox 902 972 937 1007; x_wconf 88' lang='lat' dir='ltr'><strong>et</strong></span> <span class='ocrx_word' id='word_1_102' title='bbox 964 969 1015 1007; x_wconf 88' lang='lat' dir='ltr'><strong>ad</strong></span> <span class='ocrx_word' id='word_1_103' title='bbox 1042 982 1159 1017; x_wconf 78' lang='lat' dir='ltr'><strong>quam</strong></span> <span class='ocrx_word' id='word_1_104' title='bbox 1187 981 1344 1008; x_wconf 82' lang='lat' dir='ltr'><strong>causam</strong></span> <span class='ocrx_word' id='word_1_105' title='bbox 1375 969 1518 1008; x_wconf 78' lang='lat' dir='ltr'><strong>derivet</strong></span> <span class='ocrx_word' id='word_1_106' title='bbox 1546 981 1680 1007; x_wconf 81' lang='lat' dir='ltr'><strong>aversa</strong></span> <span class='ocrx_word' id='word_1_107' title='bbox 1716 981 1779 1007; x_wconf 85' lang='lat' dir='ltr'><strong>su-</strong></span> 
     </span>
     <span class='ocr_line' id='line_1_13' title="bbox 299 1030 1779 1082; baseline -0.001 -11"><span class='ocrx_word' id='word_1_108' title='bbox 299 1032 468 1081; x_wconf 76' lang='lat' dir='ltr'><strong>spicione</strong></span> <span class='ocrx_word' id='word_1_109' title='bbox 495 1032 695 1071; x_wconf 83' lang='lat' dir='ltr'><strong>tristitiam</strong></span> <span class='ocrx_word' id='word_1_110' title='bbox 723 1032 919 1082; x_wconf 76' lang='lat' dir='ltr'><strong>Pamphili</strong></span> <span class='ocrx_word' id='word_1_111' title='bbox 943 1064 951 1071; x_wconf 91' lang='lat'><strong>.</strong></span> <span class='ocrx_word' id='word_1_112' title='bbox 972 1062 981 1070; x_wconf 92' lang='lat'><strong>.</strong></span> <span class='ocrx_word' id='word_1_113' title='bbox 1001 1032 1025 1070; x_wconf 91' lang='lat'><strong>.!</strong></span> <span class='ocrx_word' id='word_1_114' title='bbox 1079 1031 1191 1071; x_wconf 91' lang='lat' dir='ltr'><strong>Haec</strong></span> <span class='ocrx_word' id='word_1_115' title='bbox 1218 1032 1339 1081; x_wconf 87' lang='lat' dir='ltr'><strong>igitur</strong></span> <span class='ocrx_word' id='word_1_116' title='bbox 1375 1031 1500 1070; x_wconf 88' lang='lat' dir='ltr'><strong>verba</strong></span> <span class='ocrx_word' id='word_1_117' title='bbox 1537 1030 1779 1070; x_wconf 81' lang='lat' dir='ltr'><strong>scholiastae</strong></span> 
     </span>
     <span class='ocr_line' id='line_1_14' title="bbox 301 1090 1779 1147; baseline 0 -13"><span class='ocrx_word' id='word_1_118' title='bbox 301 1108 384 1135; x_wconf 91' lang='lat' dir='ltr'><strong>non</strong></span> <span class='ocrx_word' id='word_1_119' title='bbox 421 1096 521 1135; x_wconf 88' lang='lat' dir='ltr'><strong>tam</strong></span> <span class='ocrx_word' id='word_1_120' title='bbox 555 1090 930 1135; x_wconf 78' lang='lat' dir='ltr'><strong>Terentianam</strong></span> <span class='ocrx_word' id='word_1_121' title='bbox 968 1108 1116 1147; x_wconf 93' lang='lat' dir='ltr'><strong>quam</strong></span> <span class='ocrx_word' id='word_1_122' title='bbox 1143 1094 1511 1135; x_wconf 88' lang='lat' dir='ltr'><strong>Menandream</strong></span> <span class='ocrx_word' id='word_1_123' title='bbox 1543 1094 1779 1134; x_wconf 81' lang='lat' dir='ltr'><strong>fabulam</strong></span> 
     </span>
     <span class='ocr_line' id='line_1_15' title="bbox 300 1159 1778 1211; baseline 0 -12"><span class='ocrx_word' id='word_1_124' title='bbox 300 1159 588 1211; x_wconf 88' lang='lat' dir='ltr'><strong>explicant.</strong></span> <span class='ocrx_word' id='word_1_125' title='bbox 653 1159 836 1199; x_wconf 87' lang='lat' dir='ltr'><strong>Eundem</strong></span> <span class='ocrx_word' id='word_1_126' title='bbox 877 1161 1015 1199; x_wconf 87' lang='lat' dir='ltr'><strong>autem</strong></span> <span class='ocrx_word' id='word_1_127' title='bbox 1056 1159 1265 1199; x_wconf 88' lang='lat' dir='ltr'><strong>Menandri</strong></span> <span class='ocrx_word' id='word_1_128' title='bbox 1306 1159 1567 1199; x_wconf 88' lang='lat' dir='ltr'><strong>scholiastam</strong></span> <span class='ocrx_word' id='word_1_129' title='bbox 1608 1159 1778 1209; x_wconf 82' lang='lat' dir='ltr'><strong>legimus</strong></span> 
     </span>
     <span class='ocr_line' id='line_1_16' title="bbox 300 1223 1779 1276; baseline 0 -13"><span class='ocrx_word' id='word_1_130' title='bbox 300 1225 400 1264; x_wconf 91' lang='lat' dir='ltr'><strong>Don.</strong></span> <span class='ocrx_word' id='word_1_131' title='bbox 428 1223 549 1263; x_wconf 88' lang='lat' dir='ltr'><strong>Andr.</strong></span> <span class='ocrx_word' id='word_1_132' title='bbox 575 1224 664 1263; x_wconf 89' lang='lat'><strong>598.</strong></span> <span class='ocrx_word' id='word_1_133' title='bbox 685 1225 725 1264; x_wconf 79' lang='lat'><strong>7:</strong></span> <span class='ocrx_word' id='word_1_134' title='bbox 764 1225 885 1264; x_wconf 80' lang='lat' dir='ltr'><strong>Caute</strong></span> <span class='ocrx_word' id='word_1_135' title='bbox 921 1238 1052 1264; x_wconf 71' lang='lat' dir='ltr'><strong>servus</strong></span> <span class='ocrx_word' id='word_1_136' title='bbox 1089 1226 1266 1264; x_wconf 74' lang='lat' dir='ltr'><strong>callidam</strong></span> <span class='ocrx_word' id='word_1_137' title='bbox 1300 1225 1640 1276; x_wconf 73' lang='lat' dir='ltr'><strong>interroqatimtem</strong></span> <span class='ocrx_word' id='word_1_138' title='bbox 1676 1225 1779 1264; x_wconf 83' lang='lat' dir='ltr'><strong>senis</strong></span> 
     </span>
     <span class='ocr_line' id='line_1_17' title="bbox 292 1289 1779 1338; baseline -0.001 -11"><span class='ocrx_word' id='word_1_139' title='bbox 292 1292 461 1338; x_wconf 73' lang='lat' dir='ltr'><strong>paratus</strong></span> <span class='ocrx_word' id='word_1_140' title='bbox 478 1289 638 1338; x_wconf 73' lang='lat' dir='ltr'><strong>excepit:</strong></span> <span class='ocrx_word' id='word_1_141' title='bbox 664 1302 842 1327; x_wconf 84' lang='lat' dir='ltr'><strong>memor</strong></span> <span class='ocrx_word' id='word_1_142' title='bbox 864 1289 1138 1327; x_wconf 78' lang='lat' dir='ltr'><strong>simulatae</strong></span> <span class='ocrx_word' id='word_1_143' title='bbox 1164 1289 1457 1328; x_wconf 77' lang='lat' dir='ltr'><strong>discordiae</strong></span> <span class='ocrx_word' id='word_1_144' title='bbox 1485 1301 1588 1327; x_wconf 88' lang='lat' dir='ltr'><strong>cum</strong></span> <span class='ocrx_word' id='word_1_145' title='bbox 1615 1289 1779 1327; x_wconf 85' lang='lat' dir='ltr'><strong>amica</strong></span> 
     </span>
     <span class='ocr_line' id='line_1_18' title="bbox 295 1343 1776 1403; baseline 0 -13"><span class='ocrx_word' id='word_1_146' title='bbox 295 1352 412 1403; x_wconf 73' lang='lat' dir='ltr'><strong>finyit</strong></span> <span class='ocrx_word' id='word_1_147' title='bbox 430 1382 438 1390; x_wconf 90' lang='lat'><strong>.</strong></span> <span class='ocrx_word' id='word_1_148' title='bbox 459 1382 466 1390; x_wconf 97' lang='lat'><strong>.</strong></span> <span class='ocrx_word' id='word_1_149' title='bbox 487 1381 495 1391; x_wconf 90' lang='lat'><strong>.</strong></span> <span class='ocrx_word' id='word_1_150' title='bbox 525 1351 584 1399; x_wconf 81' lang='lat' dir='ltr'><strong>(cf.</strong></span> <span class='ocrx_word' id='word_1_151' title='bbox 603 1351 703 1391; x_wconf 90' lang='lat' dir='ltr'><strong>Don.</strong></span> <span class='ocrx_word' id='word_1_152' title='bbox 722 1343 844 1390; x_wconf 82' lang='lat' dir='ltr'><strong>Andr.</strong></span> <span class='ocrx_word' id='word_1_153' title='bbox 864 1352 966 1400; x_wconf 89' lang='lat'><strong>819).</strong></span> <span class='ocrx_word' id='word_1_154' title='bbox 979 1382 994 1386; x_wconf 58' lang='lat'><strong><em>„</em></strong></span> <span class='ocrx_word' id='word_1_155' title='bbox 1014 1350 1214 1391; x_wconf 86' lang='lat' dir='ltr'><strong>Simulata</strong></span> <span class='ocrx_word' id='word_1_156' title='bbox 1232 1351 1355 1401; x_wconf 87' lang='lat' dir='ltr'><strong>igitur</strong></span> <span class='ocrx_word' id='word_1_157' title='bbox 1381 1351 1451 1390; x_wconf 84' lang='lat' dir='ltr'><strong>illa</strong></span> <span class='ocrx_word' id='word_1_158' title='bbox 1478 1350 1588 1402; x_wconf 88' lang='lat' dir='ltr'><strong>apud</strong></span> <span class='ocrx_word' id='word_1_159' title='bbox 1606 1350 1776 1390; x_wconf 87' lang='lat' dir='ltr'><strong>Menan-</strong></span> 
     </span>
     <span class='ocr_line' id='line_1_19' title="bbox 300 1414 1774 1466; baseline -0.001 -13"><span class='ocrx_word' id='word_1_160' title='bbox 300 1414 414 1453; x_wconf 92' lang='lat' dir='ltr'><strong>drum</strong></span> <span class='ocrx_word' id='word_1_161' title='bbox 433 1414 631 1454; x_wconf 87' lang='lat' dir='ltr'><strong>discordia</strong></span> <span class='ocrx_word' id='word_1_162' title='bbox 648 1415 811 1466; x_wconf 81' lang='lat' dir='ltr'><strong>‘capit</strong></span> <span class='ocrx_word' id='word_1_163' title='bbox 829 1427 1015 1454; x_wconf 86' lang='lat' dir='ltr'><strong>servus</strong></span> <span class='ocrx_word' id='word_1_164' title='bbox 1044 1427 1239 1464; x_wconf 87' lang='lat' dir='ltr'><strong>senem,</strong></span> <span class='ocrx_word' id='word_1_165' title='bbox 1270 1415 1362 1454; x_wconf 89' lang='lat' dir='ltr'><strong>sed</strong></span> <span class='ocrx_word' id='word_1_166' title='bbox 1388 1415 1502 1466; x_wconf 88' lang='lat' dir='ltr'><strong>ipse</strong></span> <span class='ocrx_word' id='word_1_167' title='bbox 1531 1414 1774 1466; x_wconf 90' lang='lat' dir='ltr'><strong>capitur’,</strong></span> 
     </span>
     <span class='ocr_line' id='line_1_20' title="bbox 298 1478 1776 1531; baseline 0 -13"><span class='ocrx_word' id='word_1_168' title='bbox 298 1478 430 1530; x_wconf 84' lang='lat' dir='ltr'><strong>prodit</strong></span> <span class='ocrx_word' id='word_1_169' title='bbox 458 1479 564 1518; x_wconf 89' lang='lat' dir='ltr'><strong>enim</strong></span> <span class='ocrx_word' id='word_1_170' title='bbox 593 1491 636 1518; x_wconf 88' lang='lat' dir='ltr'><strong>se</strong></span> <span class='ocrx_word' id='word_1_171' title='bbox 674 1479 909 1529; x_wconf 85' lang='lat' dir='ltr'><strong>cognovisse</strong></span> <span class='ocrx_word' id='word_1_172' title='bbox 946 1479 1109 1531; x_wconf 84' lang='lat' dir='ltr'><strong>nuptias</strong></span> <span class='ocrx_word' id='word_1_173' title='bbox 1146 1491 1227 1519; x_wconf 91' lang='lat' dir='ltr'><strong>non</strong></span> <span class='ocrx_word' id='word_1_174' title='bbox 1266 1492 1355 1519; x_wconf 89' lang='lat' dir='ltr'><strong>esse</strong></span> <span class='ocrx_word' id='word_1_175' title='bbox 1392 1491 1527 1529; x_wconf 87' lang='lat' dir='ltr'><strong>veras;</strong></span> <span class='ocrx_word' id='word_1_176' title='bbox 1555 1478 1597 1518; x_wconf 90' lang='lat' dir='ltr'><strong>in</strong></span> <span class='ocrx_word' id='word_1_177' title='bbox 1634 1478 1776 1518; x_wconf 83' lang='lat' dir='ltr'><strong>fabula</strong></span> 
     </span>
     <span class='ocr_line' id='line_1_21' title="bbox 297 1542 1775 1594; baseline 0.001 -13"><span class='ocrx_word' id='word_1_178' title='bbox 297 1543 419 1591; x_wconf 85' lang='lat' dir='ltr'><strong>igitur</strong></span> <span class='ocrx_word' id='word_1_179' title='bbox 442 1542 759 1582; x_wconf 89' lang='lat' dir='ltr'><strong>Menandrea</strong></span> <span class='ocrx_word' id='word_1_180' title='bbox 785 1555 927 1594; x_wconf 85' lang='lat' dir='ltr'><strong>reapse</strong></span> <span class='ocrx_word' id='word_1_181' title='bbox 954 1548 1117 1592; x_wconf 75' lang='lat' dir='ltr'><strong>utraque</strong></span> <span class='ocrx_word' id='word_1_182' title='bbox 1146 1547 1339 1594; x_wconf 88' lang='lat' dir='ltr'><strong>(persona)</strong></span> <span class='ocrx_word' id='word_1_183' title='bbox 1369 1548 1405 1583; x_wconf 87' lang='lat' dir='ltr'><strong>et</strong></span> <span class='ocrx_word' id='word_1_184' title='bbox 1431 1545 1533 1593; x_wconf 73' lang='lat' dir='ltr'><strong>capit</strong></span> <span class='ocrx_word' id='word_1_185' title='bbox 1560 1548 1595 1582; x_wconf 91' lang='lat' dir='ltr'><strong>et</strong></span> <span class='ocrx_word' id='word_1_186' title='bbox 1622 1544 1775 1592; x_wconf 78' lang='lat' dir='ltr'><strong>capitur</strong></span> 
     </span>
     <span class='ocr_line' id='line_1_22' title="bbox 296 1604 1774 1658; baseline 0 -13"><span class='ocrx_word' id='word_1_187' title='bbox 296 1607 395 1647; x_wconf 85' lang='lat' dir='ltr'><strong>miro</strong></span> <span class='ocrx_word' id='word_1_188' title='bbox 422 1608 541 1658; x_wconf 85' lang='lat' dir='ltr'><strong>modo,</strong></span> <span class='ocrx_word' id='word_1_189' title='bbox 571 1608 619 1646; x_wconf 94' lang='lat' dir='ltr'><strong>ut</strong></span> <span class='ocrx_word' id='word_1_190' title='bbox 646 1606 741 1645; x_wconf 91' lang='lat' dir='ltr'><strong>dicit</strong></span> <span class='ocrx_word' id='word_1_191' title='bbox 768 1605 987 1646; x_wconf 88' lang='lat' dir='ltr'><strong>scholiasta</strong></span> <span class='ocrx_word' id='word_1_192' title='bbox 1001 1605 1207 1646; x_wconf 81' lang='lat' dir='ltr'><strong>‘Graecus’</strong></span> <span class='ocrx_word' id='word_1_193' title='bbox 1229 1607 1395 1657; x_wconf 66' lang='lat'><strong>(4321),</strong></span> <span class='ocrx_word' id='word_1_194' title='bbox 1426 1606 1495 1658; x_wconf 92' lang='lat' dir='ltr'><strong>qui</strong></span> <span class='ocrx_word' id='word_1_195' title='bbox 1523 1606 1647 1646; x_wconf 87' lang='lat' dir='ltr'><strong>etiam</strong></span> <span class='ocrx_word' id='word_1_196' title='bbox 1675 1604 1774 1645; x_wconf 90' lang='lat' dir='ltr'><strong>illud</strong></span> 
     </span>
     <span class='ocr_line' id='line_1_23' title="bbox 293 1670 1605 1722; baseline 0.002 -15"><span class='ocrx_word' id='word_1_197' title='bbox 293 1673 444 1720; x_wconf 83' lang='grc' dir='ltr'><strong><em>πρέπον</em></strong></span> <span class='ocrx_word' id='word_1_198' title='bbox 472 1673 514 1710; x_wconf 91' lang='lat' dir='ltr'><strong>et</strong></span> <span class='ocrx_word' id='word_1_199' title='bbox 539 1672 705 1709; x_wconf 75' lang='grc' dir='ltr'><strong><em>πιθανόν</em></strong></span> <span class='ocrx_word' id='word_1_200' title='bbox 735 1671 845 1718; x_wconf 91' lang='lat' dir='ltr'><strong>(Don.</strong></span> <span class='ocrx_word' id='word_1_201' title='bbox 865 1672 954 1711; x_wconf 84' lang='lat'><strong>447.</strong></span> <span class='ocrx_word' id='word_1_202' title='bbox 969 1671 1006 1720; x_wconf 83' lang='lat'><strong>2)</strong></span> <span class='ocrx_word' id='word_1_203' title='bbox 1035 1670 1205 1710; x_wconf 87' lang='lat' dir='ltr'><strong>adnotat</strong></span> <span class='ocrx_word' id='word_1_204' title='bbox 1235 1670 1296 1720; x_wconf 86' lang='lat' dir='ltr'><strong>(cf.</strong></span> <span class='ocrx_word' id='word_1_205' title='bbox 1325 1683 1447 1721; x_wconf 88' lang='lat' dir='ltr'><strong>supra</strong></span> <span class='ocrx_word' id='word_1_206' title='bbox 1473 1683 1510 1722; x_wconf 91' lang='lat' dir='ltr'><strong>p.</strong></span> <span class='ocrx_word' id='word_1_207' title='bbox 1530 1671 1605 1720; x_wconf 87' lang='lat'><strong>23).</strong></span> 
     </span>
    </p>
   </div>
   <div class='ocr_carea' id='block_1_3' title="bbox 292 1754 1773 2181">
    <p class='ocr_par' dir='ltr' id='par_1_3' title="bbox 292 1754 1773 2181">
     <span class='ocr_line' id='line_1_24' title="bbox 403 1754 1772 1808; baseline 0.001 -14"><span class='ocrx_word' id='word_1_208' title='bbox 403 1754 505 1805; x_wconf 83' lang='lat' dir='ltr'><strong>Ergo</strong></span> <span class='ocrx_word' id='word_1_209' title='bbox 547 1755 770 1795; x_wconf 87' lang='lat' dir='ltr'><strong>discordare</strong></span> <span class='ocrx_word' id='word_1_210' title='bbox 816 1755 921 1795; x_wconf 90' lang='lat' dir='ltr'><strong>inter</strong></span> <span class='ocrx_word' id='word_1_211' title='bbox 965 1768 1010 1795; x_wconf 87' lang='lat' dir='ltr'><strong>se</strong></span> <span class='ocrx_word' id='word_1_212' title='bbox 1051 1755 1305 1808; x_wconf 87' lang='lat' dir='ltr'><strong>Pamphilum</strong></span> <span class='ocrx_word' id='word_1_213' title='bbox 1351 1756 1394 1795; x_wconf 92' lang='lat' dir='ltr'><strong>et</strong></span> <span class='ocrx_word' id='word_1_214' title='bbox 1435 1754 1663 1808; x_wconf 84' lang='lat' dir='ltr'><strong>Glycerium</strong></span> <span class='ocrx_word' id='word_1_215' title='bbox 1705 1767 1772 1795; x_wconf 89' lang='lat' dir='ltr'><strong>ero</strong></span> 
     </span>
     <span class='ocr_line' id='line_1_25' title="bbox 296 1818 1772 1871; baseline 0.001 -13"><span class='ocrx_word' id='word_1_216' title='bbox 296 1830 534 1869; x_wconf 85' lang='lat' dir='ltr'><strong>persuasum</strong></span> <span class='ocrx_word' id='word_1_217' title='bbox 568 1821 641 1869; x_wconf 90' lang='lat' dir='ltr'><strong>est,</strong></span> <span class='ocrx_word' id='word_1_218' title='bbox 678 1831 753 1858; x_wconf 91' lang='lat' dir='ltr'><strong>nec</strong></span> <span class='ocrx_word' id='word_1_219' title='bbox 788 1831 870 1858; x_wconf 88' lang='lat' dir='ltr'><strong>non</strong></span> <span class='ocrx_word' id='word_1_220' title='bbox 905 1818 1158 1871; x_wconf 73' lang='lat' dir='ltr'><strong>pulchrItudo</strong></span> <span class='ocrx_word' id='word_1_221' title='bbox 1196 1831 1368 1858; x_wconf 89' lang='lat' dir='ltr'><strong>scaenae</strong></span> <span class='ocrx_word' id='word_1_222' title='bbox 1404 1819 1611 1871; x_wconf 84' lang='lat' dir='ltr'><strong>proximae</strong></span> <span class='ocrx_word' id='word_1_223' title='bbox 1644 1819 1719 1868; x_wconf 87' lang='lat'><strong>(111.</strong></span> <span class='ocrx_word' id='word_1_224' title='bbox 1738 1821 1772 1868; x_wconf 81' lang='lat'><strong>1)</strong></span> 
     </span>
     <span class='ocr_line' id='line_1_26' title="bbox 296 1881 1773 1936; baseline 0.002 -15"><span class='ocrx_word' id='word_1_225' title='bbox 296 1894 343 1922; x_wconf 89' lang='lat' dir='ltr'><strong>eo</strong></span> <span class='ocrx_word' id='word_1_226' title='bbox 363 1883 515 1934; x_wconf 87' lang='lat' dir='ltr'><strong>crescit,</strong></span> <span class='ocrx_word' id='word_1_227' title='bbox 545 1883 652 1936; x_wconf 93' lang='lat' dir='ltr'><strong>quod</strong></span> <span class='ocrx_word' id='word_1_228' title='bbox 676 1881 785 1923; x_wconf 86' lang='lat' dir='ltr'><strong>haud</strong></span> <span class='ocrx_word' id='word_1_229' title='bbox 810 1882 984 1923; x_wconf 89' lang='lat' dir='ltr'><strong>multum</strong></span> <span class='ocrx_word' id='word_1_230' title='bbox 1001 1883 1131 1934; x_wconf 86' lang='lat' dir='ltr'><strong>abest,</strong></span> <span class='ocrx_word' id='word_1_231' title='bbox 1161 1883 1258 1936; x_wconf 90' lang='lat' dir='ltr'><strong>quin</strong></span> <span class='ocrx_word' id='word_1_232' title='bbox 1277 1882 1393 1924; x_wconf 88' lang='lat' dir='ltr'><strong>dolus</strong></span> <span class='ocrx_word' id='word_1_233' title='bbox 1413 1884 1521 1923; x_wconf 89' lang='lat' dir='ltr'><strong>servi</strong></span> <span class='ocrx_word' id='word_1_234' title='bbox 1549 1882 1773 1935; x_wconf 89' lang='lat' dir='ltr'><strong>detegatur.</strong></span> 
     </span>
     <span class='ocr_line' id='line_1_27' title="bbox 295 1946 1773 1998; baseline 0.002 -14"><span class='ocrx_word' id='word_1_235' title='bbox 295 1946 406 1985; x_wconf 88' lang='lat' dir='ltr'><strong>Haec</strong></span> <span class='ocrx_word' id='word_1_236' title='bbox 421 1949 558 1986; x_wconf 85' lang='lat' dir='ltr'><strong>autem</strong></span> <span class='ocrx_word' id='word_1_237' title='bbox 578 1959 727 1986; x_wconf 86' lang='lat' dir='ltr'><strong>scaena</strong></span> <span class='ocrx_word' id='word_1_238' title='bbox 744 1948 887 1998; x_wconf 86' lang='lat' dir='ltr'><strong>utpote</strong></span> <span class='ocrx_word' id='word_1_239' title='bbox 907 1946 955 1986; x_wconf 87' lang='lat' dir='ltr'><strong>de</strong></span> <span class='ocrx_word' id='word_1_240' title='bbox 969 1947 1188 1987; x_wconf 89' lang='lat' dir='ltr'><strong>Menandro</strong></span> <span class='ocrx_word' id='word_1_241' title='bbox 1204 1948 1260 1996; x_wconf 92' lang='lat' dir='ltr'><strong>(II.</strong></span> <span class='ocrx_word' id='word_1_242' title='bbox 1275 1948 1312 1997; x_wconf 91' lang='lat'><strong>5)</strong></span> <span class='ocrx_word' id='word_1_243' title='bbox 1329 1947 1487 1997; x_wconf 79' lang='lat' dir='ltr'><strong>duota1)</strong></span> <span class='ocrx_word' id='word_1_244' title='bbox 1507 1960 1533 1986; x_wconf 91' lang='lat' dir='ltr'><strong>a</strong></span> <span class='ocrx_word' id='word_1_245' title='bbox 1552 1948 1773 1987; x_wconf 85' lang='lat' dir='ltr'><strong>scholiasta</strong></span> 
     </span>
     <span class='ocr_line' id='line_1_28' title="bbox 293 2010 1769 2064; baseline 0.002 -15"><span class='ocrx_word' id='word_1_246' title='bbox 293 2010 489 2062; x_wconf 84' lang='lat' dir='ltr'><strong>scaenico,</strong></span> <span class='ocrx_word' id='word_1_247' title='bbox 520 2011 589 2063; x_wconf 91' lang='lat' dir='ltr'><strong>qui</strong></span> <span class='ocrx_word' id='word_1_248' title='bbox 616 2010 665 2051; x_wconf 91' lang='lat' dir='ltr'><strong>de</strong></span> <span class='ocrx_word' id='word_1_249' title='bbox 693 2013 896 2062; x_wconf 82' lang='grc' dir='ltr'><strong><em>οἰκονομίᾳ</em></strong></span> <span class='ocrx_word' id='word_1_250' title='bbox 924 2010 1083 2051; x_wconf 86' lang='lat' dir='ltr'><strong>disserit</strong></span> <span class='ocrx_word' id='word_1_251' title='bbox 1110 2011 1233 2052; x_wconf 87' lang='lat' dir='ltr'><strong>Andr.</strong></span> <span class='ocrx_word' id='word_1_252' title='bbox 1252 2012 1342 2052; x_wconf 86' lang='lat'><strong>459.</strong></span> <span class='ocrx_word' id='word_1_253' title='bbox 1359 2013 1380 2051; x_wconf 92' lang='lat'><strong>1</strong></span> <span class='ocrx_word' id='word_1_254' title='bbox 1411 2011 1471 2061; x_wconf 84' lang='lat' dir='ltr'><strong>(cf.</strong></span> <span class='ocrx_word' id='word_1_255' title='bbox 1500 2024 1623 2064; x_wconf 88' lang='lat' dir='ltr'><strong>supra</strong></span> <span class='ocrx_word' id='word_1_256' title='bbox 1650 2025 1686 2064; x_wconf 91' lang='lat' dir='ltr'><strong>p.</strong></span> <span class='ocrx_word' id='word_1_257' title='bbox 1706 2012 1769 2062; x_wconf 82' lang='lat'><strong>22)</strong></span> 
     </span>
     <span class='ocr_line' id='line_1_29' title="bbox 293 2075 1770 2128; baseline 0.002 -16"><span class='ocrx_word' id='word_1_258' title='bbox 293 2076 401 2113; x_wconf 88' lang='lat' dir='ltr'><strong>recte</strong></span> <span class='ocrx_word' id='word_1_259' title='bbox 429 2075 653 2126; x_wconf 85' lang='lat' dir='ltr'><strong>explicatur</strong></span> <span class='ocrx_word' id='word_1_260' title='bbox 681 2088 812 2127; x_wconf 88' lang='lat' dir='ltr'><strong>neque</strong></span> <span class='ocrx_word' id='word_1_261' title='bbox 851 2076 984 2114; x_wconf 87' lang='lat' dir='ltr'><strong>minus</strong></span> <span class='ocrx_word' id='word_1_262' title='bbox 1022 2075 1091 2114; x_wconf 91' lang='lat' dir='ltr'><strong>illa</strong></span> <span class='ocrx_word' id='word_1_263' title='bbox 1127 2076 1345 2128; x_wconf 88' lang='lat' dir='ltr'><strong>insequens</strong></span> <span class='ocrx_word' id='word_1_264' title='bbox 1373 2076 1435 2114; x_wconf 87' lang='lat'><strong>111.</strong></span> <span class='ocrx_word' id='word_1_265' title='bbox 1449 2077 1521 2125; x_wconf 77' lang='lat'><strong>2²),</strong></span> <span class='ocrx_word' id='word_1_266' title='bbox 1557 2075 1610 2115; x_wconf 89' lang='lat' dir='ltr'><strong>ad</strong></span> <span class='ocrx_word' id='word_1_267' title='bbox 1648 2088 1770 2127; x_wconf 90' lang='lat' dir='ltr'><strong>quam</strong></span> 
     </span>
     <span class='ocr_line' id='line_1_30' title="bbox 292 2135 636 2181; baseline 0.015 -5"><span class='ocrx_word' id='word_1_268' title='bbox 292 2135 491 2178; x_wconf 83' lang='lat' dir='ltr'><strong>habemus</strong></span> <span class='ocrx_word' id='word_1_269' title='bbox 519 2139 636 2181; x_wconf 85' lang='lat' dir='ltr'><strong>haec:</strong></span> 
     </span>
    </p>
   </div>
   <div class='ocr_carea' id='block_1_4' title="bbox 292 2223 1768 2342">
    <p class='ocr_par' dir='ltr' id='par_1_4' title="bbox 292 2223 1768 2342">
     <span class='ocr_line' id='line_1_31' title="bbox 399 2223 1768 2276; baseline 0.003 -14"><span class='ocrx_word' id='word_1_270' title='bbox 399 2223 500 2264; x_wconf 93' lang='lat' dir='ltr'><strong>Don.</strong></span> <span class='ocrx_word' id='word_1_271' title='bbox 528 2225 650 2266; x_wconf 84' lang='lat' dir='ltr'><strong>Andr.</strong></span> <span class='ocrx_word' id='word_1_272' title='bbox 668 2225 758 2264; x_wconf 90' lang='lat'><strong>481.</strong></span> <span class='ocrx_word' id='word_1_273' title='bbox 776 2227 797 2264; x_wconf 88' lang='lat'><strong>1</strong></span> <span class='ocrx_word' id='word_1_274' title='bbox 826 2230 952 2276; x_wconf 69' lang='lat' dir='ltr'><strong>,specta</strong></span> <span class='ocrx_word' id='word_1_275' title='bbox 982 2227 1028 2266; x_wconf 77' lang='lat' dir='ltr'><strong>in</strong></span> <span class='ocrx_word' id='word_1_276' title='bbox 1054 2227 1125 2266; x_wconf 84' lang='lat' dir='ltr'><strong>hac</strong></span> <span class='ocrx_word' id='word_1_277' title='bbox 1151 2240 1299 2276; x_wconf 82' lang='lat' dir='ltr'><strong>scaena,</strong></span> <span class='ocrx_word' id='word_1_278' title='bbox 1329 2240 1445 2276; x_wconf 79' lang='lat' dir='ltr'><strong>quam</strong></span> <span class='ocrx_word' id='word_1_279' title='bbox 1472 2228 1562 2267; x_wconf 87' lang='lat' dir='ltr'><strong>scite</strong></span> <span class='ocrx_word' id='word_1_280' title='bbox 1590 2240 1768 2276; x_wconf 70' lang='lat' dir='ltr'><strong>expressa</strong></span> 
     </span>
     <span class='ocr_line' id='line_1_32' title="bbox 292 2287 1766 2342; baseline 0.002 -16"><span class='ocrx_word' id='word_1_281' title='bbox 292 2287 344 2326; x_wconf 81' lang='lat' dir='ltr'><strong>sit</strong></span> <span class='ocrx_word' id='word_1_282' title='bbox 370 2291 596 2329; x_wconf 80' lang='lat' dir='ltr'><strong>consuetudo</strong></span> <span class='ocrx_word' id='word_1_283' title='bbox 619 2291 757 2330; x_wconf 74' lang='lat' dir='ltr'><strong>medici</strong></span> <span class='ocrx_word' id='word_1_284' title='bbox 784 2291 840 2330; x_wconf 82' lang='lat' dir='ltr'><strong>vel</strong></span> <span class='ocrx_word' id='word_1_285' title='bbox 866 2291 1032 2330; x_wconf 82' lang='lat' dir='ltr'><strong>medicae</strong></span> <span class='ocrx_word' id='word_1_286' title='bbox 1059 2291 1287 2342; x_wconf 76' lang='lat' dir='ltr'><strong>eyredientis</strong></span> <span class='ocrx_word' id='word_1_287' title='bbox 1314 2304 1362 2330; x_wconf 77' lang='lat' dir='ltr'><strong>ex</strong></span> <span class='ocrx_word' id='word_1_288' title='bbox 1389 2292 1497 2342; x_wconf 78' lang='lat' dir='ltr'><strong>aeqri</strong></span> <span class='ocrx_word' id='word_1_289' title='bbox 1523 2292 1647 2330; x_wconf 85' lang='lat' dir='ltr'><strong>domo.-</strong></span> <span class='ocrx_word' id='word_1_290' title='bbox 1673 2303 1766 2330; x_wconf 67' lang='lat' dir='ltr'><strong>‘nam</strong></span> 
     </span>
    </p>
   </div>
   <div class='ocr_carea' id='block_1_5' title="bbox 292 2394 549 2402">
    <p class='ocr_par' dir='ltr' id='par_1_5' title="bbox 292 2394 549 2402">
     <span class='ocr_line' id='line_1_33' title="bbox 292 2394 549 2402; baseline 0 638"><span class='ocrx_word' id='word_1_291' title='bbox 292 2394 549 2402; x_wconf 95' lang='lat' dir='ltr'><strong> </strong></span> 
     </span>
    </p>
   </div>
   <div class='ocr_carea' id='block_1_6' title="bbox 399 2457 1763 2503">
    <p class='ocr_par' dir='ltr' id='par_1_6' title="bbox 399 2457 1763 2503">
     <span class='ocr_line' id='line_1_34' title="bbox 399 2457 1763 2503; baseline 0.004 -14"><span class='ocrx_word' id='word_1_292' title='bbox 399 2458 421 2498; x_wconf 85' lang='lat'><strong>¹)</strong></span> <span class='ocrx_word' id='word_1_293' title='bbox 445 2457 531 2493; x_wconf 89' lang='lat' dir='ltr'><strong>Don.</strong></span> <span class='ocrx_word' id='word_1_294' title='bbox 548 2459 649 2493; x_wconf 85' lang='lat' dir='ltr'><strong>Andr.</strong></span> <span class='ocrx_word' id='word_1_295' title='bbox 670 2460 744 2494; x_wconf 80' lang='lat'><strong>473.</strong></span> <span class='ocrx_word' id='word_1_296' title='bbox 767 2460 789 2493; x_wconf 90' lang='lat'><strong>6</strong></span> <span class='ocrx_word' id='word_1_297' title='bbox 809 2475 853 2487; x_wconf 87' lang='lat'><strong>=</strong></span> <span class='ocrx_word' id='word_1_298' title='bbox 874 2461 962 2493; x_wconf 88' lang='lat' dir='ltr'><strong>Men.</strong></span> <span class='ocrx_word' id='word_1_299' title='bbox 984 2460 1047 2503; x_wconf 77' lang='lat' dir='ltr'><strong>frg.</strong></span> <span class='ocrx_word' id='word_1_300' title='bbox 1070 2460 1166 2494; x_wconf 87' lang='lat' dir='ltr'><strong>40K.</strong></span> <span class='ocrx_word' id='word_1_301' title='bbox 1211 2461 1260 2494; x_wconf 83' lang='lat' dir='ltr'><strong>Cf.</strong></span> <span class='ocrx_word' id='word_1_302' title='bbox 1291 2461 1534 2494; x_wconf 81' lang='lat' dir='ltr'><strong>Dziatzkonem</strong></span> <span class='ocrx_word' id='word_1_303' title='bbox 1555 2461 1576 2493; x_wconf 89' lang='lat'><strong>1.</strong></span> <span class='ocrx_word' id='word_1_304' title='bbox 1596 2461 1616 2494; x_wconf 93' lang='lat' dir='ltr'><strong>l.</strong></span> <span class='ocrx_word' id='word_1_305' title='bbox 1641 2471 1674 2502; x_wconf 88' lang='lat' dir='ltr'><strong>p.</strong></span> <span class='ocrx_word' id='word_1_306' title='bbox 1689 2460 1763 2495; x_wconf 86' lang='lat'><strong>245.</strong></span> 
     </span>
    </p>
   </div>
   <div class='ocr_carea' id='block_1_7' title="bbox 253 2520 1766 2673">
    <p class='ocr_par' dir='ltr' id='par_1_7' title="bbox 253 2520 1766 2673">
     <span class='ocr_line' id='line_1_35' title="bbox 399 2520 1766 2565; baseline 0.002 -13"><span class='ocrx_word' id='word_1_307' title='bbox 399 2520 431 2561; x_wconf 49' lang='grc' dir='ltr'>ἦ</span> <span class='ocrx_word' id='word_1_308' title='bbox 446 2521 618 2555; x_wconf 83' lang='lat' dir='ltr'><strong>Menandri</strong></span> <span class='ocrx_word' id='word_1_309' title='bbox 639 2524 678 2557; x_wconf 88' lang='lat' dir='ltr'><strong>IL</strong></span> <span class='ocrx_word' id='word_1_310' title='bbox 690 2524 726 2563; x_wconf 85' lang='lat'><strong>6;</strong></span> <span class='ocrx_word' id='word_1_311' title='bbox 750 2524 836 2557; x_wconf 92' lang='lat' dir='ltr'><strong>Don.</strong></span> <span class='ocrx_word' id='word_1_312' title='bbox 851 2523 925 2556; x_wconf 85' lang='lat'><strong>483.</strong></span> <span class='ocrx_word' id='word_1_313' title='bbox 941 2524 967 2556; x_wconf 95' lang='lat'><strong>1.</strong></span> <span class='ocrx_word' id='word_1_314' title='bbox 981 2524 1003 2556; x_wconf 82' lang='lat'><strong>3</strong></span> <span class='ocrx_word' id='word_1_315' title='bbox 1023 2538 1066 2549; x_wconf 95' lang='lat'><strong><em>=</em></strong></span> <span class='ocrx_word' id='word_1_316' title='bbox 1087 2524 1149 2565; x_wconf 83' lang='lat' dir='ltr'><strong>frg.</strong></span> <span class='ocrx_word' id='word_1_317' title='bbox 1175 2524 1215 2556; x_wconf 87' lang='lat'><strong>41</strong></span> <span class='ocrx_word' id='word_1_318' title='bbox 1233 2525 1273 2556; x_wconf 91' lang='lat' dir='ltr'><strong>K.</strong></span> <span class='ocrx_word' id='word_1_319' title='bbox 1311 2524 1486 2564; x_wconf 83' lang='lat' dir='ltr'><strong>(Dziatzko</strong></span> <span class='ocrx_word' id='word_1_320' title='bbox 1509 2524 1529 2556; x_wconf 93' lang='lat' dir='ltr'><strong>l.</strong></span> <span class='ocrx_word' id='word_1_321' title='bbox 1546 2524 1566 2556; x_wconf 94' lang='lat'><strong>1.</strong></span> <span class='ocrx_word' id='word_1_322' title='bbox 1582 2524 1677 2558; x_wconf 63' lang='lat'><strong>245).</strong></span> <span class='ocrx_word' id='word_1_323' title='bbox 1715 2524 1766 2556; x_wconf 84' lang='lat' dir='ltr'><strong>De</strong></span> 
     </span>
     <span class='ocr_line' id='line_1_36' title="bbox 290 2572 1765 2618; baseline 0.004 -12"><span class='ocrx_word' id='word_1_324' title='bbox 290 2572 356 2616; x_wconf 71' lang='lat' dir='ltr'><strong>srg.</strong></span> <span class='ocrx_word' id='word_1_325' title='bbox 379 2572 581 2609; x_wconf 81' lang='lat' dir='ltr'><strong>Menandreo</strong></span> <span class='ocrx_word' id='word_1_326' title='bbox 603 2575 648 2610; x_wconf 86' lang='lat'><strong>42</strong></span> <span class='ocrx_word' id='word_1_327' title='bbox 662 2577 703 2612; x_wconf 90' lang='lat' dir='ltr'><strong>K.</strong></span> <span class='ocrx_word' id='word_1_328' title='bbox 727 2587 803 2611; x_wconf 91' lang='lat' dir='ltr'><strong>cum</strong></span> <span class='ocrx_word' id='word_1_329' title='bbox 825 2588 892 2612; x_wconf 85' lang='lat' dir='ltr'><strong>vss.</strong></span> <span class='ocrx_word' id='word_1_330' title='bbox 907 2577 981 2618; x_wconf 88' lang='lat'><strong>483,</strong></span> <span class='ocrx_word' id='word_1_331' title='bbox 996 2577 1060 2611; x_wconf 86' lang='lat'><strong>484</strong></span> <span class='ocrx_word' id='word_1_332' title='bbox 1088 2577 1293 2611; x_wconf 82' lang='lat' dir='ltr'><strong>conferendo</strong></span> <span class='ocrx_word' id='word_1_333' title='bbox 1324 2578 1365 2611; x_wconf 81' lang='lat' dir='ltr'><strong>cf.</strong></span> <span class='ocrx_word' id='word_1_334' title='bbox 1391 2578 1591 2611; x_wconf 84' lang='lat' dir='ltr'><strong>Grauertum</strong></span> <span class='ocrx_word' id='word_1_335' title='bbox 1613 2577 1634 2612; x_wconf 88' lang='lat' dir='ltr'><strong>l.</strong></span> <span class='ocrx_word' id='word_1_336' title='bbox 1656 2577 1677 2611; x_wconf 92' lang='lat' dir='ltr'><strong>l.</strong></span> <span class='ocrx_word' id='word_1_337' title='bbox 1704 2578 1765 2613; x_wconf 82' lang='lat'><strong>181</strong></span> 
     </span>
     <span class='ocr_line' id='line_1_37' title="bbox 253 2619 731 2673; baseline 0.013 -14"><span class='ocrx_word' id='word_1_338' title='bbox 253 2619 267 2629; x_wconf 73' lang='lat'><em>⁶</em></span> <span class='ocrx_word' id='word_1_339' title='bbox 289 2628 551 2668; x_wconf 78' lang='lat' dir='ltr'><strong>(Dziatzkonem</strong></span> <span class='ocrx_word' id='word_1_340' title='bbox 572 2630 593 2662; x_wconf 89' lang='lat'><strong>1.</strong></span> <span class='ocrx_word' id='word_1_341' title='bbox 609 2630 631 2663; x_wconf 86' lang='lat'><strong>1.</strong></span> <span class='ocrx_word' id='word_1_342' title='bbox 646 2631 731 2673; x_wconf 84' lang='lat'><strong>238).</strong></span> 
     </span>
    </p>
   </div>
  </div>
 </body>
</html>
