2118 3040
837 328 957 370 Andr.
977 329 1056 368 959
1071 340 1155 380 sqq.

338 404 411 442 ego
440 391 604 432 deorum
632 392 760 432 vitam
789 395 997 445 eapropter
1024 392 1310 444 sempiternam
1338 405 1427 432 esse
1455 393 1626 432 arbitror

339 457 444 507 quod
473 455 704 508 voluptates
733 469 869 496 eorum
892 457 1074 509 propriae
1102 458 1214 496 sunt:
1243 469 1338 495 nam
1366 457 1421 495 mi
1448 455 1732 496 immortalitas

336 522 505 572 partast,
534 521 568 560 si
595 520 708 560 nulla
735 521 1016 573 aegritudo
1044 520 1139 561 huic
1166 521 1311 572 gaudio
1340 522 1618 562 intercesserit.

733 614 783 632 ‹x›
822 597 906 637 Ter.
934 597 1035 636 Eun.
1055 597 1146 637 551.
1174 597 1252 636 552

336 672 443 700 nunc
472 661 536 699 est
562 660 750 712 profecto,
779 661 948 701 interfici
979 673 1100 713 quom
1128 661 1281 712 perpeti
1309 673 1372 700 me
1401 673 1576 712 possum,

334 737 386 763 ne
414 724 491 764 hoc
517 723 708 774 gaudium
737 727 982 765 contaminet
1008 726 1098 764 uita
1125 724 1465 774 aegritudine
1493 724 1655 776 aliqua„

877 800 998 840 Andr.
1018 800 1097 839 963

593 894 629 902 ..
658 866 816 903 nemost
842 876 961 915 quem
988 863 1150 903 mallem
1178 863 1356 902 omnium

802 956 852 975 ω
890 940 975 979 Ter.
1005 938 1105 977 Eun.
1125 939 1203 978 561

245 1046 248 1050 ,
306 1014 426 1041 nemo
440 1001 700 1058 hominumst,
715 1016 832 1055 quem
847 1016 918 1053 ego
933 1015 1042 1043 nunc
1056 1003 1185 1053 magis
1200 1002 1336 1042 uidere
1347 1014 1532 1055 cuperem
1543 1014 1664 1054 quam
1673 1003 1726 1041 te.

252 1077 434 1128 Denique
463 1078 497 1116 si
524 1091 695 1129 persona
723 1078 849 1118 altera
877 1078 1043 1118 alterius
1072 1091 1296 1118 sermonem
1324 1079 1365 1116 in
1392 1078 1540 1117 fabulis
1568 1089 1726 1116 comoe-

253 1140 342 1181 diae
361 1154 493 1181 novae
513 1143 663 1193 captat,
693 1154 813 1193 saepe
840 1142 896 1193 fit,
924 1145 971 1182 ut
990 1142 1133 1182 eadem
1152 1143 1311 1194 repetat
1329 1141 1454 1181 verba
1482 1153 1585 1193 quae
1609 1139 1725 1180 audi-

252 1200 391 1254 vit,'cf.
407 1206 491 1244 Ter.
507 1206 628 1244 Andr.
646 1206 732 1246 178.
748 1207 822 1244 179
841 1205 937 1244 fecit
955 1229 1007 1234 -—
1026 1206 1161 1255 faciet,
1181 1204 1302 1245 Andr.
1319 1206 1396 1244 263
1415 1206 1655 1244 incertumst
1672 1227 1726 1232 —-

250 1268 489 1308 incertumst
508 1271 590 1309 etc..
637 1269 747 1308 Idem
766 1269 841 1309 hoc
858 1269 1043 1309 Eunuchi
1069 1270 1157 1309 loco
1178 1270 1393 1309 observare
1421 1269 1523 1308 licet.
1571 1270 1724 1308 ‘Iamne

250 1345 432 1384 rumpere
459 1332 536 1372 hoc
559 1333 651 1372 licet
678 1333 733 1371 mi
760 1334 1048 1382 gaudiumP'
1084 1334 1217 1385 inquit
1236 1333 1414 1373 Chaerea
1442 1332 1543 1371 Eun.
1562 1332 1653 1382 550,
1684 1335 1726 1371 et

249 1397 292 1435 in
310 1397 485 1436 Andriae
509 1397 670 1436 fabulae
690 1410 748 1437 vs.
768 1398 844 1436 963
864 1397 1010 1449 repetit
1029 1397 1225 1437 Charinus
1241 1396 1351 1449 ‘quid
1368 1396 1467 1436 illud
1485 1395 1722 1447 gaudist‘P’

250 1461 361 1500 Haec
385 1461 492 1501 enim
510 1461 698 1501 videntur
717 1474 804 1501 esse
823 1462 946 1501 verba
974 1461 1183 1501 cuiusdam
1203 1475 1357 1510 versus,
1387 1462 1456 1513 qui
1483 1475 1509 1501 a
1536 1461 1722 1500 Terentio

248 1526 291 1564 in
305 1524 458 1564 Andria
473 1525 645 1564 omissus
664 1526 820 1564 exstitit
838 1537 884 1565 eo
903 1525 1088 1565 Eunuchi
1108 1525 1284 1566 Graecae
1304 1526 1401 1575 loco,
1422 1524 1528 1564 unde
1548 1524 1723 1563 Andriae

250 1601 398 1628 scaena
426 1591 527 1628 nata
554 1590 626 1629 est.

355 1653 495 1705 Neque
523 1654 667 1693 mirum
695 1653 800 1705 quod
819 1654 1030 1692 Terentius
1057 1654 1123 1693 hic
1148 1654 1282 1693 locum
1300 1654 1508 1693 Menandri
1535 1653 1721 1692 mutavit.

247 1710 468 1757 Mutandus
498 1717 605 1757 enim
631 1717 720 1769 fuit,
750 1718 826 1757 nisi
855 1717 954 1757 duos
982 1717 1092 1758 locos
1112 1719 1154 1758 in
1182 1718 1331 1758 fabulis
1360 1718 1444 1757 suis
1464 1717 1537 1756 Ad.
1557 1720 1599 1757 et
1617 1716 1719 1757 Eun.

249 1782 411 1821 eosdem
429 1783 608 1833 repetere
626 1782 765 1832 voluit,
795 1784 1008 1833 postquam
1026 1782 1068 1821 in
1096 1783 1226 1834 prima
1244 1796 1320 1822 sua
1346 1782 1485 1822 fabula
1503 1782 1584 1820 iam
1604 1793 1719 1820 scae-

247 1858 343 1885 nam
380 1845 562 1885 Eunuchi
599 1846 802 1898 expilavit.
862 1845 1002 1897 Itaque
1044 1846 1080 1885 si
1116 1846 1192 1887 hoc
1227 1846 1501 1898 probavimus:
1544 1845 1720 1885 Andriae

247 1922 436 1949 scaenam
454 1909 500 1949 V.
517 1910 542 1949 5
579 1910 860 1950 Terentianam
889 1922 939 1949 ex
956 1909 1034 1949 hac
1053 1923 1203 1951 scaena
1229 1910 1329 1951 Eun.
1348 1910 1450 1951 111.5
1473 1908 1720 1949 Menandrea

245 1973 415 2014 fluxisse
431 1993 433 1995 ·
452 1974 550 2014 item
587 1975 676 2014 hocv
700 1975 884 2015 alterum:
921 1987 1133 2025 personam
1162 1976 1405 2027 Antiphonis
1434 1988 1523 2014 esse
1552 1975 1719 2014 Menan—

247 2037 382 2077 dream
403 2038 698 2090 comprobatur;
726 2051 820 2077 nam
847 2039 887 2077 in
916 2038 1049 2078 verbis
1078 2039 1164 2079 Ter.
1185 2039 1284 2079 Eun.
1304 2040 1382 2079 553
1411 2052 1452 2078 re
1472 2051 1569 2078 vera
1596 2050 1718 2090 appa-

246 2107 358 2143 ratus
386 2105 435 2143 ad
452 2104 704 2152 intentionem
720 2104 878 2154 futurae
896 2104 1141 2144 narrationis
1168 2106 1311 2145 dicitur
1336 2103 1468 2152 (schol.
1498 2102 1598 2143 Eun.
1617 2103 1720 2150 553).

354 2166 552 2206 Scaeuam
569 2168 692 2218 igitur
708 2167 769 2207 III.
788 2168 813 2207 5
832 2169 961 2206 totam
979 2166 1267 2208 Menandream
1296 2180 1384 2208 esse
1412 2167 1510 2207 mihi
1535 2166 1719 2219 explora-

245 2232 333 2272 tum
362 2234 426 2272 est
450 2232 514 2281 (ad
531 2246 591 2272 vs,
610 2233 696 2273 Ter.
711 2233 788 2272 585
817 2232 864 2273 cf.
883 2231 985 2271 Men.
1005 2231 1144 2273 Samia
1158 2235 1382 2282 244—246)
1391 2236 1417 2282 1)
1438 2246 1569 2284 neque
1597 2233 1720 2282 longa

246 2294 586 2336 demonstratione
629 2309 728 2349 opus
770 2299 833 2336 est
868 2308 918 2335 ex
954 2296 1138 2336 versibus
1175 2298 1255 2337 610
1269 2311 1352 2350 sqq.
1391 2297 1556 2347 elucere,
1595 2309 1717 2348 quam

244 2360 472 2400 necessaria
503 2374 675 2412 persona
702 2360 975 2412 Antiphoniff)
1005 2361 1055 2400 ad
1087 2364 1311 2412 οἰκονομίαν
1343 2362 1507 2401 fabulae
1536 2362 1599 2400 sit.
1655 2360 1717 2410 (cf.

345 2490 366 2530 ¹)
389 2489 439 2521 De
467 2490 596 2522 scholio
619 2490 693 2522 588.
707 2491 723 2522 l
755 2490 853 2522 deum
883 2499 919 2521 se
940 2489 975 2521 in
1003 2490 1174 2523 hominem
1200 2492 1408 2524 convertisse
1430 2509 1471 2513 —
1495 2490 1716 2531 φιλοσοφικῶς

247 2542 472 2576 Terentius
493 2542 724 2576 dmmtravit
740 2568 747 2575 .
765 2567 772 2574 .
790 2567 796 2575 .
820 2542 862 2575 cf.
879 2552 980 2585 supra
1001 2552 1034 2585 p.
1045 2543 1182 2580 49122dn.
1196 2544 1233 2584 4;
1256 2544 1309 2577 Fr.
1325 2543 1455 2587 Kampe
1469 2544 1491 2578 l.
1507 2544 1529 2577 1.
1552 2554 1582 2587 p.
1601 2543 1650 2576 12.
1665 2542 1713 2575 13.

350 2596 373 2638 ⁹)
396 2596 575 2639 Perperam
588 2598 713 2630 iudicat
733 2597 774 2630 K.
788 2597 899 2629 Braun
913 2597 934 2630 l.
950 2597 972 2629 l.
988 2608 1019 2639 p.
1034 2597 1079 2631 29
1101 2599 1143 2631 de
1158 2599 1263 2632 schol.
1279 2599 1363 2631 Eun.
1378 2599 1451 2632 607.
1464 2599 1486 2630 2
1505 2599 1580 2631 bene
1593 2607 1715 2630 memor

242 2652 289 2683 est
305 2660 465 2693 personae
487 2661 585 2693 quam
605 2651 737 2685 induxit
752 2653 851 2694 poeta
865 2661 928 2694 per
949 2651 1032 2685 hanc
1052 2651 1352 2696 interrogationem,
1383 2652 1439 2697 qui
1465 2652 1580 2686 scribit
1599 2650 1715 2684 ‘verbo
