2118 3040
800 177 1066 216 —57-

194 296 384 326 scaenam
409 282 558 333 Diphili
586 284 797 322 actuosam
809 284 835 332 1)
865 284 907 322 et
934 283 1094 332 ingenio
1113 282 1383 321 Romanorum
1406 283 1534 332 magis
1554 295 1672 321 acco-

195 348 400 389 modatam
417 346 676 397 transposuit.
704 345 806 396 Ergo
821 346 914 386 inde
933 360 960 386 a
974 359 1095 386 versu
1113 346 1189 385 190
1203 345 1268 385 vel
1285 346 1373 397 185,
1394 346 1463 386 ubi
1479 345 1527 386 de
1535 359 1672 393 ⁴mere—

194 411 303 453 tricis
330 410 456 462 pretio
485 410 629 460 agitur,
656 410 829 460 vestigia
847 410 1056 450 Menandri
1079 411 1162 449 iam
1181 409 1314 460 detegi
1333 423 1492 460 censeo3
1522 411 1673 450 etenim

194 475 319 515 verba
345 474 504 513 iuvenis
532 487 570 513 v.
591 475 667 514 193
696 477 841 526 ‘neque
869 474 1129 515 vendundam
1166 487 1323 523 censeo,
1362 487 1466 525 quae
1501 474 1673 514 libera

192 541 270 578 est’
300 550 391 577 mea
415 537 576 589 quidem
596 538 802 577 sententia
826 537 926 578 adeo
946 551 1028 578 non
1057 537 1231 590 produnt
1250 538 1481 577 Terentium
1509 537 1671 577 fabulas

192 602 539 643 contaminantem
580 604 620 641 et
658 602 940 653 obliviosum,²)
978 604 1026 642 ut
1062 604 1222 654 propter
1259 602 1386 641 verba
1421 603 1566 654 poetae
1608 602 1670 654 ip-

192 667 278 706 sius
308 668 378 714 (vs.
398 667 435 715 8)
465 679 652 706 censeam
680 667 722 706 in
750 666 899 718 Diphili
926 666 1068 706 fabula
1095 679 1138 706 re
1166 679 1264 706 vera
1298 666 1559 715 meretricem,
1588 679 1670 706 non

191 730 359 770 liberam
397 732 557 782 raptam
594 743 700 781 esse;
743 743 904 770 versum
941 731 1016 770 193
1059 731 1182 780 igitur
1224 729 1450 779 Menandri,
1487 743 1570 770 non
1606 730 1671 769 Di-

193 795 290 847 phili
319 807 418 834 esse.
473 795 638 835 Accedit
675 795 809 842 etiam,
849 795 953 846 quod
985 795 1026 835 id
1054 794 1317 845 mendacium,
1356 808 1434 846 quo
1474 796 1671 835 terreatur

190 862 236 898 et
262 860 475 898 moveatur
501 859 592 898 leno
621 860 668 898 ut
695 861 904 910 argentum
935 859 1148 911 accipiat,³)
1178 871 1260 898 non
1288 858 1426 898 obstat
1453 861 1540 909 ἤθει
1568 858 1669 898 adu-

192 923 381 962 lescentis
401 922 672 973 Menandrei.⁴)
692 947 745 951 —
765 924 862 963 Cum
882 926 1020 963 autem
1038 923 1129 963 leno
1145 923 1261 962 ‘nolit
1278 922 1478 972 vendere’,
1497 923 1668 963 Aeschi-

192 999 270 1026 nus
308 985 470 1026 domum
497 987 602 1027 intro
631 987 664 1026 it
692 989 742 1036 (v.
764 988 852 1037 196)
881 1000 1011 1039 neque
1039 988 1202 1027 incaute
1230 987 1326 1037 agit,
1356 987 1542 1039 quamvis
1571 999 1668 1027 con-

192 1051 404 1090 tumeliose
438 1054 577 1090 contra
614 1051 801 1091 lenonem
838 1065 882 1091 se
917 1054 1041 1101 gerat,
1082 1052 1153 1091 sed
1180 1051 1360 1100 lenones,
1390 1052 1424 1090 si
1451 1052 1569 1091 modo
1598 1065 1668 1103 pe-

190 1115 313 1155 cunia
339 1115 540 1166 reddatur,
580 1129 661 1156 non
689 1114 926 1156 metuendos
955 1128 1043 1156 esse
1080 1128 1161 1156 non
1198 1115 1367 1167 ignorat.
1426 1115 1539 1156 Haec
1575 1128 1668 1169 spes

193 1193 285 1219 eum
303 1185 384 1219 no'n
413 1181 530 1229 fallit,
559 1194 655 1220 nam
675 1181 725 1220 de
744 1181 888 1220 lenone
908 1181 959 1219 ad
980 1193 1170 1219 scaenam
1198 1181 1421 1231 proximam
1449 1180 1669 1220 scholiasta

192 1245 399 1284 scaenicus
439 1244 765 1297 aestheticusque
807 1246 916 1284 recte
959 1243 1183 1284 adscribere
1221 1246 1355 1296 potest
1393 1244 1478 1294 (Ad.
1507 1245 1668 1294 196.1):

188 1310 281 1348 haec
309 1310 483 1349 allocutio
511 1311 563 1348 ad
597 1310 666 1348 hoc
692 1311 854 1349 inducta
881 1314 946 1359 est,
973 1314 1018 1348 ut
1049 1323 1097 1348 ea:
1133 1310 1256 1348 verbis
1293 1311 1442 1349 lenonis
1469 1314 1667 1359 agmareat,

191 1386 308 1422 quam
334 1373 447 1423 facile
474 1374 580 1413 mitis
611 1373 698 1422 fieri
727 1374 850 1424 possit
878 1377 913 1413 et
946 1374 1097 1423 quidvis
1133 1373 1292 1414 libenter
1319 1374 1496 1424 accipere.
1552 1372 1668 1411 Hanc

189 1437 310 1485 igitur
344 1449 532 1475 scaenam
566 1440 657 1485 (VSS.
694 1437 915 1485 196—208)
949 1438 1029 1475 iam
1066 1438 1228 1487 propter
1264 1437 1372 1475 hunc
1409 1437 1667 1487 interpretem

187 1499 458 1539 aestheticum
494 1500 779 1540 Menandream
792 1502 819 1550 ⁶)
860 1513 948 1540 esse
987 1500 1244 1551 contendam3
1280 1502 1489 1551 praeterea
1528 1502 1666 1540 autem

190 1563 374 1603 Donatus
417 1564 669 1616 soliloquium
708 1564 923 1604 Sannionis
959 1563 1246 1603 Menandreum
1291 1577 1380 1603 esse
1425 1564 1489 1603 his
1531 1564 1666 1603 verbis

188 1628 335 1679 probat
355 1628 434 1668 ·Ad.
458 1629 544 1668 199.
562 1630 599 1668 1:
642 1631 854 1670 secundum
890 1630 986 1670 alud
1023 1629 1240 1669 Menandri
1259 1659 1266 1667 .
1287 1660 1294 1667 .
1316 1660 1322 1667 .
1378 1628 1489 1668 Haec
1526 1630 1664 1668 autem

190 1693 314 1733 verba
349 1692 534 1732 Kauerus
564 1693 928 1742 (Dziatzko-Kauer
959 1692 1049 1732 Ad.2
1077 1706 1113 1745 p.
1136 1693 1197 1742 13)
1234 1692 1338 1732 falso
1375 1693 1664 1745 interpretatus

186 1769 278 1795 esse
297 1757 394 1796 mihi
413 1757 611 1806 videtur.⁶)
659 1757 762 1797 Nam
782 1770 872 1796 cum
891 1757 1041 1796 Donati
1069 1762 1340 1796 commentum
1368 1758 1540 1808 pessime
1569 1771 1664 1797 con-

297 1907 320 1948 ¹)
344 1907 419 1950 Ipse
433 1907 482 1941 Fl.
498 1907 637 1940 Nencini
651 1907 788 1946 fatetur,
805 1908 833 1940 si
848 1907 978 1950 prologi
992 1908 1097 1940 verba
1112 1908 1336 1950 respiciamus,
1354 1910 1484 1949 partem
1499 1918 1518 1940 e
1529 1908 1664 1950 Diphilo

188 1960 387 1992 translatam
413 1961 563 1993 versibus
587 1961 757 1993 155—195
786 1961 918 1994 includi.
964 1962 1044 2001 Quis
1073 1963 1188 1993 autem
1218 1961 1364 1998 dubitat,
1396 1962 1475 2002 quin
1505 1962 1665 2003 prologus

188 2013 332 2046 maxime
355 2013 399 2046 sit
420 2013 672 2056 respiciendus?

295 2067 318 2108 ²)
341 2067 388 2100 Ut
417 2068 619 2101 contendere
648 2068 758 2101 voluit
783 2068 949 2101 Dziatzko
977 2079 1060 2101 mus.
1091 2068 1156 2102 Rh.
1179 2068 1286 2100 XXXI
1314 2068 1377 2101 374
1393 2078 1476 2111 sqq„
1507 2069 1564 2111 qui
1596 2079 1664 2101 non

188 2119 366 2160 explicavit
381 2131 439 2152 cur
454 2121 599 2153 dixisset
609 2121 786 2153 Terentius
807 2122 870 2154 Ad.
886 2122 968 2163 prol.
984 2122 1081 2164 8sq.:
1104 2122 1139 2153 in
1159 2122 1287 2153 Graeca
1301 2122 1498 2154 adulescens
1521 2124 1583 2160 est,
1608 2122 1663 2164 qui

187 2170 299 2204 lenoni
315 2174 412 2216 eripit
426 2169 695 2207 meretricem
713 2175 748 2206 in
770 2175 877 2216 prima
897 2175 1013 2207 fabula
1028 2185 1113 2217 eqs.;
1137 2175 1180 2208 cf.
1196 2177 1370 2217 praeterea
1384 2174 1582 2207 Nencinium
1604 2175 1624 2208 1.
1641 2175 1661 2207 l.

188 2234 217 2265 p.
237 2225 298 2257 122
308 2236 357 2269 sq.

294 2279 316 2320 8)
339 2280 436 2320 Quod
461 2281 635 2314 consilium
664 2281 795 2314 lenonis
822 2282 857 2313 vi
887 2281 1048 2323 pecuniae
1070 2282 1269 2314 mitificandi
1291 2282 1395 2324 serpit
1424 2292 1482 2324 per
1503 2283 1616 2314 actum
1631 2281 1660 2313 11

186 2332 299 2363 totum
320 2333 568 2368 Menandreum.

293 2385 316 2426 ⁴)
340 2386 446 2420 Recte
468 2388 641 2420 contendit
664 2390 781 2421 contra
803 2388 1048 2421 Dziatzkonem
1070 2389 1108 2422 G.
1124 2389 1228 2430 Regel
1252 2388 1272 2422 l.
1289 2389 1310 2421 1.
1338 2400 1367 2431 p.
1385 2390 1414 2422 7.

293 2439 316 2480 ὓ)
339 2440 390 2473 De
419 2442 633 2475 monosticho
663 2453 685 2474 a
706 2442 867 2475 Nencinio
899 2442 975 2483 (1.1.
1002 2442 1179 2484 118-119)
1210 2453 1286 2475 cum
1314 2454 1414 2475 versu
1445 2442 1506 2475 198
1535 2442 1658 2474 conato

186 2490 342 2524 cautione
365 2503 450 2535 opus
473 2498 542 2527 est:
567 2496 609 2528 cf.
634 2496 753 2527 Schlee
776 2506 852 2529 ann.
875 2496 954 2537 phil.
977 2496 1020 2527 93
1042 2506 1073 2537 p.
1092 2496 1162 2529 140.

292 2544 317 2585 ⁶)
339 2545 491 2580 Kauerus
516 2553 554 2581 ut
577 2551 713 2591 propter
727 2549 831 2582 verba
852 2549 1025 2582 secundum
1045 2549 1128 2583 illud
1151 2550 1326 2583 Menandri
1349 2549 1509 2591 originem
1523 2548 1660 2581 Menan—

183 2596 300 2628 dream
314 2598 347 2629 in
371 2600 507 2634 dubium
522 2605 661 2635 vocaret
675 2603 774 2635 facile
794 2605 982 2636 commotus
1005 2605 1068 2642 est,
1092 2604 1182 2645 quod
1205 2604 1419 2645 soliloquium
1434 2612 1508 2635 esse
1525 2603 1659 2644 Diphili,
