2118 3040
931 168 1173 205 -2-

305 273 469 322 origine'
504 286 631 324 nuper
659 272 789 312 denuo
819 273 1081 322 Karstenus1)
1118 275 1256 323 movit,
1298 287 1389 314 cum
1417 286 1467 313 ea
1494 273 1658 323 scholia,
1688 286 1792 325 quae

303 337 480 376 ‘Donati'
500 336 752 386 grammatici
781 337 955 388 speciem
974 349 1071 388 prae
1092 350 1135 376 se
1155 337 1259 377 ferre
1278 338 1531 385 videbantur,
1561 337 1655 377 huic
1673 338 1791 377 attri-

305 401 405 450 buit,
430 400 511 440 alia
530 413 619 440 cum
640 401 729 440 aliis
751 400 980 440 scholiastis
1002 403 1089 440 tum
1110 401 1404 453 ‘Interpolatori
1418 401 1656 453 praecipuo',
1672 415 1792 453 quem

304 476 432 515 aeque
447 477 495 503 ac
507 464 738 503 ‘Donatum'
756 464 999 514 cogitatione
1015 464 1149 514 finxit,
1168 465 1400 506 vindicavit.
1430 465 1528 505 Cum
1543 464 1621 504 hac
1635 464 1792 504 ratione

305 541 404 568 sane
434 541 556 580 quam
585 527 839 580 improbabili
858 528 1087 569 Karstenus
1116 528 1270 569 scholia
1289 529 1467 579 genuina
1495 529 1672 579 elegerit,
1702 529 1792 580 quis

305 592 473 631 miratur
487 604 580 631 eum
596 591 645 631 de
661 591 822 632 scholiis
836 592 1077 632 Donatianis
1092 593 1152 632 ita
1165 592 1342 632 iudicare
1355 593 1628 645 (Mnemosyne
1641 592 1793 631 XXXV

303 670 339 708 p.
355 657 380 696 3
400 656 492 696 adn.
505 657 558 706 3):
591 657 727 708 „Nihil
750 659 875 710 mayis
894 672 953 698 me
978 672 1126 708 quoque
1150 659 1276 709 tetiyit
1302 672 1420 708 quam
1444 658 1546 699 mira
1564 659 1792 699 scholiorum

268 748 271 753 -
304 723 567 771 yenuinorum
591 723 871 772 aequalitas,
900 736 987 762 cum
1010 724 1112 772 quod
1130 724 1345 761 orationem
1370 727 1453 762 tum
1472 724 1571 772 quod
1589 723 1793 762 iudicandi

303 785 553 826 subtaitatem
581 787 732 836 attinet,
755 799 841 837 per
868 801 995 827 om‘ne
1023 786 1358 827 commentum“.
1406 787 1461 826 At
1485 788 1622 826 nostro
1648 785 1791 825 iudicio

305 862 353 888 ac
382 862 505 888 sensu
527 851 561 888 si
592 850 754 899 utimur,
784 862 859 888 nos
879 850 1173 889 desideravisse
1202 851 1343 888 miram
1363 849 1472 889 illam
1502 850 1792 901 aequalitatem

304 913 555 953 confitemur.
613 913 779 953 Praeter
807 914 913 954 enim
943 913 1230 954 adnotationes
1260 916 1390 954 artem
1419 914 1722 964 grammaticam
1751 917 1793 954 et

304 978 544 1017 rhetoricam
581 977 810 1018 redolentes
852 991 934 1018 non
971 991 1126 1030 paucae
1166 979 1282 1018 nobis
1325 981 1550 1028 occurrunt,
1594 991 1698 1030 quae
1740 978 1793 1018 ad

306 1042 582 1082 oeconomiam
611 1041 777 1082 fabulae
807 1045 849 1082 et
877 1043 927 1082 ad
958 1045 1086 1082 artem
1115 1045 1259 1095 poetae
1290 1043 1462 1082 scaenici
1491 1045 1723 1095 spectantes
1751 1044 1793 1082 et

303 1109 588 1156 argumentum
617 1106 868 1159 coloremque
888 1121 1062 1147 scaena-e
1091 1110 1316 1147 tractantes
1346 1107 1398 1147 ad
1422 1108 1539 1148 initia
1557 1108 1792 1160 praesertim

304 1183 545 1209 scaenarum
574 1170 858 1210 adscribuntur
876 1171 1045 1223 ideoque
1071 1185 1097 1211 a
1116 1171 1231 1210 nobis
1251 1172 1487 1210 ‘scaenicae'
1508 1172 1594 1210 sive
1613 1172 1791 1210 ‘aesthe-

304 1235 457 1284 ticae’2)
506 1236 778 1275 nominantur.
831 1238 966 1287 Atque
1007 1236 1070 1275 his
1114 1235 1274 1287 quidem
1311 1236 1352 1275 in
1390 1236 1515 1275 initiis
1553 1248 1792 1275 scaenarum

306 1311 429 1350 saepe
472 1298 621 1338 desunt
657 1299 758 1338 talia
800 1299 963 1348 scholia,
1007 1312 1082 1338 nec
1119 1300 1366 1350 ‘aequaliter'
1407 1302 1490 1351 ‘per
1528 1311 1645 1338 omne
1685 1311 1792 1338 com-

306 1364 501 1402 mentum'
531 1364 805 1403 inveniuntur.
863 1363 991 1412 Quam
1020 1377 1104 1403 rem
1133 1365 1209 1403 etsi
1238 1377 1320 1403 non
1359 1365 1534 1413 omnesss)
1573 1364 1648 1403 viri
1686 1362 1792 1402 docti

305 1471 434 1503 stiones
464 1469 721 1503 Euanthianae'.
756 1471 833 1504 diss.
856 1471 986 1513 Lipsiae
1011 1471 1102 1503 1883.
1157 1471 1186 1503 J.
1209 1471 1238 1503 J.
1265 1471 1438 1509 Hartman,
1472 1469 1535 1503 ‘Dc
1564 1470 1722 1503 Terentio
1759 1473 1794 1502 et

305 1524 442 1557 Donato
459 1524 722 1557 commentatio'.
748 1525 903 1566 Lugduni
919 1525 1126 1557 Batavorum
1141 1525 1234 1557 1895.
1269 1525 1396 1557 Paulus
1411 1526 1573 1562 Rabbow,
1586 1523 1651 1556 ‘De
1666 1524 1792 1556 Donati

305 1579 497 1610 commento
527 1578 560 1609 in
584 1578 777 1610 Terentium
809 1578 977 1620 specimen
1001 1578 1276 1610 observationum
1305 1578 1473 1620 primum'.
1507 1587 1584 1611 ann.
1601 1577 1681 1620 phil.
1700 1577 1791 1610 1897.

305 1641 335 1673 p.
351 1631 534 1664 305—342.
580 1631 756 1664 Eduardus
779 1633 933 1673 Smutny,
961 1631 1026 1664 ‘Dc
1055 1632 1259 1664 scholiorum
1290 1632 1580 1671 Terentianorum,
1612 1641 1699 1674 quae
1730 1632 1791 1663 sub

307 1685 433 1716 Donati
462 1685 598 1716 nomine
620 1684 785 1724 feruntur,
816 1685 1012 1717 auctoribus
1035 1687 1070 1717 et
1092 1685 1245 1717 fontibus
1275 1685 1492 1727 quaestiones
1514 1685 1681 1718 selectae’.
1714 1686 1790 1718 diss,

306 1737 386 1780 phil.
400 1738 544 1771 Vindob.
567 1739 634 1771 vol.
648 1739 695 1771 Vl
710 1738 814 1780 (1898)
838 1749 870 1781 p.
886 1739 1048 1772 93—137.
1081 1739 1120 1771 H.
1137 1739 1174 1772 Τ.
1191 1738 1348 1777 Karsten,
1360 1738 1425 1770 ‘De
1441 1739 1578 1771 scholiis
1594 1739 1792 1781 quibusdam

305 1792 431 1823 Donati
442 1791 485 1824 ad
497 1791 702 1824 'Ferentium’
717 1792 754 1825 i.:
771 1792 996 1824 Feestbundel
1009 1793 1099 1825 Prof.
1112 1793 1212 1830 Boot,
1236 1793 1391 1833 Lugduni
1402 1793 1478 1824 Bat.
1494 1792 1586 1825 1901.
1609 1792 1792 1824 205-210.

302 1843 367 1878 ‘De
390 1845 528 1878 scholiis
544 1845 755 1878 Terentianis
771 1844 994 1888 philosophis’
1020 1846 1059 1878 i.:
1083 1846 1206 1878 Album
1228 1846 1487 1887 gratulatorium
1509 1846 1543 1878 in
1564 1845 1646 1879 hon.
1669 1846 1709 1879 H.
1725 1856 1793 1878 van

307 1899 518 1931 Herwerden.
554 1899 696 1931 Utrecht
722 1900 814 1931 1902.
868 1900 903 1932 P.
921 1900 1077 1937 Wessner,
1109 1899 1283 1931 ‘Aemilius
1314 1900 1432 1940 Asper,
1465 1900 1527 1931 Ein
1561 1899 1700 1941 Beitrag
1733 1910 1794 1931 zur

305 1951 497 1985 romischen
513 1952 903 1994 Literaturgeschichtc’.
927 1963 1040 1994 gymn.
1057 1963 1168 1995 progr.
1186 1952 1282 1985 Halle
1293 1963 1323 1986 a.
1339 1953 1371 1985 S.
1391 1952 1483 1985 1905.
1500 1971 1535 1976 -
1553 1951 1616 1985 ‘Zu
1630 1952 1792 1985 Aemilius

305 2004 432 2047 Asper’.
456 2006 493 2039 B.
507 2006 562 2047 ph.
576 2007 629 2038 W.
645 2006 738 2039 1906.
754 2007 890 2039 62—64.
923 2006 1170 2038 Maximilianus
1186 2007 1290 2045 Dorn,
1305 2006 1367 2038 ‘De
1378 2007 1550 2038 veteribus
1564 2006 1792 2047 grammaticis

304 2059 388 2091 artis
410 2058 633 2092 Terentianae
655 2058 844 2093 iudicibus'.
869 2060 946 2093 diss.
963 2060 1058 2092 Halis
1081 2061 1253 2093 Saxonum
1273 2060 1364 2095 1906.
1410 2059 1475 2092 Alii
1498 2059 1572 2093 aliis
1595 2059 1678 2093 locis
1701 2069 1792 2092 com-

305 2114 588 2146 memorabuntur.

417 2167 437 2208 ¹)
461 2167 682 2209 Mnemosyne
704 2167 826 2200 XXXV
850 2167 955 2209 (1907)
985 2177 1016 2210 p.
1035 2167 1149 2200 1-44.
1183 2167 1361 2200 192—249.
1392 2167 1574 2200 274—324.
1606 2167 1792 2206 403-439;

304 2220 442 2252 XXXIII
458 2220 562 2261 (1905)
587 2231 618 2263 p.
637 2221 816 2254 125-133.
839 2221 1027 2261 229—2683
1051 2221 1171 2253 ὶΟζΧΠ
1188 2221 1291 2262 (1904)
1315 2232 1345 2263 p.
1361 2221 1543 2254 209-251.
1566 2221 1747 2254 283—322.

414 2275 437 2314 2)
460 2274 567 2307 Nobis
590 2285 725 2318 quoque
750 2275 814 2308 hoc
837 2276 939 2308 verbo
965 2285 1041 2307 cum
1064 2275 1198 2313 utimur,
1223 2275 1470 2307 observandum
1493 2278 1545 2307 est
1562 2275 1653 2317 quod
1675 2276 1792 2307 monet

306 2328 475 2360 Rudolius
510 2328 717 2369 Griesinger,
759 2329 840 2366 „Die
873 2328 1106 2360 asthetischen
1130 2327 1403 2369 Anschauungen
1437 2329 1495 2359 der
1527 2328 1620 2359 alten
1652 2328 1793 2359 Homer-

305 2381 471 2421 Erklarer,
502 2381 700 2424 dargestellt
730 2382 818 2414 nach
842 2382 906 2414 den
930 2381 1241 2415 Homerscholien“.
1276 2381 1356 2415 diss.
1372 2381 1547 2423 Tfibingen
1574 2380 1656 2413 1907
1679 2380 1755 2413 adn.
1771 2381 1792 2413 2

305 2445 336 2477 p.
355 2435 411 2468 19:
435 2436 599 2476 „F'reizich
620 2436 666 2469 ist
680 2436 799 2469 hiarba·
821 2436 967 2469 Vorsicht
987 2436 1130 2478 qeboten,
1153 2436 1217 2476 ἀαβ
1230 2436 1293 2468 wir
1314 2435 1401 2469 nicht
1424 2436 1485 2468 mit
1507 2435 1567 2468 den
1582 2435 1792 2468 Ausdrackon

303 2489 389 2521 auch
420 2489 473 2521 die
502 2489 764 2531 Amchauunyen
797 2499 931 2522 unser-er
963 2489 1136 2522 moder-nen
1170 2482 1359 2529 „lintheum
1393 2488 1430 2521 in
1462 2488 1513 2521 die
1545 2488 1632 2521 alten
1671 2488 1793 2522 Urteile

304 2542 537 2586 hincinlcyen“.

413 2598 436 2638 8)
461 2597 509 2629 Cf.
534 2597 593 2630 Ed.
613 2599 760 2639 Smutny
783 2598 802 2630 l.
822 2598 842 2629 l.
866 2608 896 2639 p.
917 2598 985 2636 136.
