2118 3040
822 164 1088 201 -73-

213 286 331 326 quam
349 273 401 312 ad
421 271 593 312 hostilem
611 272 819 311 emercitum
841 271 1035 322 peryentis
1053 271 1210 310 irritato
1229 271 1373 321 animo,
1402 271 1544 310 concito
1563 283 1693 319 cursu,

216 337 386 380 undanti
413 335 752 386 chlamyde...
782 335 942 386 (χλαμύς
970 333 1018 375 cf.
1037 333 1142 374 Men.
1170 334 1266 384 Περ.
1289 334 1376 384 164,
1405 335 1508 385 Σαμ.
1528 334 1631 384 314).

321 411 424 451 Item
452 412 568 450 actus
588 409 625 448 V
644 410 910 449 Terentianus
939 412 1003 450 est
1030 409 1310 449 Menandreus.
1365 411 1509 461 Itaque
1549 408 1691 448 eadem

215 478 281 516 est
294 476 397 514 ratio
413 474 654 514 scholiastae
670 475 842 513 scaenici
857 476 980 526 atque
995 474 1038 513 in
1048 473 1243 525 prioribus
1255 473 1412 512 scaenis
1423 472 1693 513 Menandreis:

322 539 370 578 V.
387 540 408 577 1
439 538 560 578 schol.
580 539 669 578 817.
688 539 720 577 1.

322 602 370 642 V.
386 603 410 641 2
440 602 559 643 schol.
580 602 670 641 840.
688 603 719 641 1.

323 667 371 707 V.
386 667 410 706 3
440 666 559 706 schol.
579 667 668 706 910.
687 668 708 705 1
738 667 796 716 (cf.
816 667 917 717 909).

322 731 369 771 V.
385 733 410 770 4
440 731 491 770 ad
509 732 770 770 Parmenonis
790 731 1042 783 soliloquium
1072 730 1172 770 nihil
1191 729 1411 769 adnotatur
1430 743 1455 769 a
1475 729 1693 769 scholiasta

214 797 410 846 Graeco.¹)

325 870 457 910 Aliam
498 872 636 910 autem
676 870 800 910 fuisse
840 882 1076 910 scaenarum
1120 868 1356 909 divisionem
1402 869 1444 908 in
1485 868 1693 908 Menandri

216 935 410 974 Eunucho
439 936 480 974 et
509 948 534 973 a
560 948 619 973 vs.
640 936 716 973 941
746 948 895 974 novam
924 947 1114 973 scaenam
1142 934 1320 985 coepisse
1345 933 1598 984 perspicuum
1618 933 1692 971 erit

218 998 459 1038 scholiastae
498 998 670 1038 scaenici
709 998 809 1038 haec
845 998 969 1038 verba
1004 997 1252 1047 legentibus:
1287 997 1376 1036 941.
1399 998 1421 1035 1
1460 998 1558 1037 miro
1598 998 1693 1037 arti-

209 1064 301 1109 finio
325 1067 458 1112 poetae
485 1067 520 1102 et
547 1063 594 1102 ab
622 1064 734 1102 initio
762 1075 843 1101 non
862 1063 1046 1112 placatur
1065 1062 1232 1111 Pythias
1250 1075 1317 1101 nec
1334 1063 1436 1101 redit
1461 1062 1506 1101 in
1524 1062 1694 1112 qratiam

222 1126 412 1167 Chaereae
441 1131 476 1166 et
503 1128 662 1177 insuper
690 1140 794 1167 nuno
831 1140 856 1166 a
883 1127 1127 1166 Parmenone
1155 1127 1340 1166 irritatur
1373 1127 1510 1177 maqis,
1547 1129 1591 1165 at
1621 1138 1694 1176 per

215 1205 299 1231 eam
335 1193 527 1231 Parmeno
564 1195 766 1241 terreatur,
798 1205 871 1241 per
907 1192 1191 1230 Parmenonem
1227 1192 1382 1241 inyredi
1418 1192 1470 1231 ad
1511 1190 1695 1230 Thaidem

217 1259 377 1307 θυραίαν
416 1269 543 1306 senem,
578 1269 652 1307 per
692 1269 821 1295 senem
862 1257 1023 1305 nuptiae
1060 1255 1336 1304 confirmentur
1387 1257 1429 1292 et
1465 1254 1565 1293 Don.
1593 1252 1693 1292 Eun.

218 1320 307 1358 943.
328 1320 352 1357 2
393 1321 462 1359 hoc
497 1322 573 1360 loco
610 1321 792 1360 simulata
824 1319 1117 1369 perturbatione
1154 1321 1218 1358 sai
1255 1320 1539 1358 Parmenonem
1581 1322 1695 1357 terret

218 1384 384 1433 Pythias·
411 1382 458 1422 cf.
478 1383 577 1421 Don.
597 1383 697 1421 Eun.
716 1383 805 1421 965.

326 1457 372 1496 V.
388 1458 413 1497 5
438 1457 559 1496 schol.
580 1458 668 1496 971.
689 1458 723 1496 2.
744 1458 768 1496 3
790 1458 824 1505 (1
847 1459 995 1505 (senex)
1015 1459 1120 1508 apud
1137 1458 1404 1497 Menandrum
1422 1458 1580 1497 ‘Simon’
1600 1457 1693 1496 dioi-

220 1525 308 1572 tar).
362 1521 527 1561 Praeter
568 1521 830 1561 scholiastam
868 1523 1006 1560 autem
1034 1521 1125 1571 997,
1166 1521 1213 1560 de
1252 1533 1331 1572 quo
1370 1533 1492 1572 supra
1527 1532 1616 1572 pag.
1642 1520 1692 1558 22

221 1586 387 1635 egimus,
418 1587 599 1625 conferas
628 1598 778 1637 quaeso
807 1586 905 1624 Don.
928 1586 1029 1624 1001
1043 1587 1069 1634 ²)
1109 1586 1358 1636 manifestias
1385 1586 1450 1625 hoc
1477 1586 1694 1624 Menander

216 1652 381 1701 explicat
409 1683 417 1690 .
437 1683 445 1690 .
465 1683 474 1690 .

326 1715 372 1755 V.
388 1716 413 1754 6
442 1714 561 1754 schol.
585 1715 696 1753 1002.
719 1715 739 1753 1
770 1713 816 1754 cf.
838 1726 959 1765 supra
986 1726 1074 1765 pag.
1096 1714 1156 1753 22.

327 1781 372 1820 V.
390 1781 412 1818 7
442 1779 562 1818 Schol.
585 1780 731 1818 10251
750 1778 809 1827 (cf.
820 1779 867 1827 3).
884 1778 1252 1817 Schol.4Euanthii
1262 1779 1435 1829 vestigia
1444 1791 1539 1830 prae
1551 1791 1593 1817 se
1604 1777 1693 1818 fert.

328 1843 373 1883 V.
389 1845 413 1883 8
443 1843 563 1883 schol.
581 1844 693 1883 1031.
711 1844 744 1882 1.
765 1844 788 1881 2
809 1845 850 1882 et
866 1843 979 1882 1049.
1008 1842 1153 1882 Manca
1171 1843 1368 1894 paulatim
1387 1843 1494 1882 fiunt
1514 1856 1564 1882 ex
1583 1855 1692 1882 more

219 1909 399 1947 omnium
427 1908 733 1947 scholiastarum
761 1907 969 1956 adnotata,
1000 1909 1045 1946 at
1064 1909 1202 1947 exstat
1230 1907 1451 1947 scholiasta
1475 1907 1693 1947 scaenicus.

220 1972 402 2012 Scaenae
431 1976 569 2012 autem
599 1974 721 2024 caput
739 1971 1026 2011 Menandream
1053 1971 1294 2011 Eunuchum
1322 1972 1423 2010 nulli
1451 1971 1695 2011 dubitationi

221 2036 440 2075 obnoxium
461 2050 550 2075 esse
568 2037 666 2075 mihi
685 2037 824 2075 contra
842 2038 1083 2085 argumenta
1100 2037 1276 2074 virorum
1306 2037 1512 2074 doctorum
1541 2036 1695 2074 exitum

219 2098 383 2139 fabulae
412 2113 462 2139 ex
482 2090 622 2140 Colace
651 2112 734 2139 una
760 2099 930 2138 fluxisse
951 2098 1181 2138 docentium
1210 2100 1379 2139 videtur.
1426 2099 1693 2138 Nihilominus

329 2280 351 2323 ²)
376 2281 472 2321 Quod
488 2282 672 2315 scholiasta
687 2282 832 2315 Graecus
847 2281 890 2313 ad
905 2281 1124 2315 Parmenonis
1148 2282 1363 2324 soliloquium
1385 2292 1453 2314 non
1476 2282 1580 2314 verba
1601 2281 1694 2321 facit,

222 2334 470 2378 quodammodo
504 2337 693 2369 sententiae
719 2346 741 2368 a
768 2335 799 2368 J.
810 2336 841 2369 J.
854 2335 1017 2368 Hartman
1040 2336 1109 2377 (1.1.
1133 2346 1210 2379 pag.
1222 2336 1274 2379 71)
1309 2336 1461 2379 prolatae
1491 2336 1695 2378 patrocinari

223 2389 304 2421 mihi
325 2389 466 2429 videtur,
492 2391 549 2432 qui
570 2401 688 2423 versus
703 2389 875 2423 926-9-10
896 2390 1065 2422 abiudicat
1086 2390 1223 2423 fabulae
1245 2390 1408 2423 Eunuchi.

330 2452 352 2494 ¹)
374 2453 426 2485 De
449 2453 515 2486 hoc
536 2454 666 2487 scholio
690 2456 780 2487 recte
802 2454 1033 2486 iudicaverunt
1056 2454 1093 2487 G.
1103 2455 1209 2497 Regel
1228 2455 1279 2488 l.l.
1292 2465 1322 2497 p.
1335 2455 1488 2493 5adn.1;
1504 2455 1557 2488 Fr.
1566 2455 1695 2497 Kampe

223 2507 246 2541 1.
267 2507 342 2592 15.4p.
358 2507 411 2546 14;
443 2507 482 2540 G.
504 2508 586 2540 Ihne
609 2508 667 2542 1.1.
691 2519 722 2550 p.
747 2508 787 2540 18
813 2509 942 2547 (contra
975 2508 1202 2550 Grauertum);
1237 2509 1398 2550 imprimis
1420 2508 1482 2541 Ph.
1509 2509 1613 2541 Fabia
1633 2508 1654 2541 l.
1672 2508 1693 2541 l.

221 2569 255 2601 p.
314 2585 322 2592 .
338 2560 388 2593 55.
