2118 3040
930 192 1198 230 „40-

576 298 742 347 (horum)
772 297 872 337 nihil
900 298 966 337 ille
996 299 1152 348 egregie
1180 299 1341 350 praeter
1369 300 1503 345 cetera

575 362 769 403 studebat
797 364 839 402 et
866 364 1005 403 tamen
1034 363 1170 403 omnia
1198 363 1300 403 haec
1328 362 1588 404 mediocriter.

575 427 814 477 gaudebam.
843 441 925 467 non
953 428 1119 468 iniuria:
1148 441 1245 468 nam
1273 428 1313 468 id
1342 428 1512 468 arbitror

471 493 547 541 (61)
577 491 754 544 adprime
783 493 824 531 in
853 493 940 532 vita
968 505 1057 532 esse
1086 493 1198 542 utile,
1228 495 1275 532 ut
1302 493 1451 544 nequid
1479 493 1608 532 nimis.

577 557 634 596 sic
661 557 748 596 vita
776 559 882 596 erat:

424 619 610 659 Donatus
640 622 777 659 autem
807 620 941 669 (schol.
961 621 998 669 2)
1028 620 1081 659 ad
1105 621 1232 660 verba
1245 621 1409 672 ‘nequid
1433 621 1565 660 nimis'
1581 633 1724 660 versus
1739 622 1802 671 61,

314 696 420 735 quae
451 684 559 734 apud
588 684 821 723 Terentium
851 685 968 724 Sosia
996 684 1103 733 dicit,
1134 685 1210 724 hoc
1240 685 1376 724 docet:

534 753 570 788 et
601 763 680 788 non
713 749 883 799 refertur
915 751 966 789 ad
988 763 1196 799 personam
1223 750 1418 789 domini
1445 750 1607 790 dicentis
1636 749 1707 797 (ita
1735 762 1801 789 co-

314 811 449 860 dices),
478 814 544 852 sed
570 814 616 852 de
644 826 716 862 quo
744 814 896 853 dicitur.
954 813 1043 860 Qua
1061 813 1103 851 in
1132 813 1277 852 ultima
1304 816 1418 864 parte
1439 813 1580 852 scholii
1599 818 1801 852 commen*

314 878 425 915 tator
453 875 653 916 affirmat:
682 877 789 915 hanc
818 877 1063 916 sententiam
1091 889 1173 915 non
1192 876 1443 916 referendam
1454 878 1481 925 1)
1511 889 1600 916 esse
1629 876 1681 916 ad
1709 890 1801 929 per-

316 953 458 979 sonam
487 940 706 980 ‘domini
735 941 998 990 dicentis',
1040 941 1112 980 sed
1141 941 1193 979 ad
1220 954 1434 992 personam
1461 940 1604 994 (eius),
1644 942 1693 980 de
1722 955 1800 993 quo

316 1003 491 1054 dicatur;
530 1004 681 1044 etenim
720 1004 818 1043 illud
853 1005 963 1044 vitae
1002 1007 1262 1056 praeceptum
1299 1005 1433 1044 minus
1471 1005 1513 1044 in
1547 1018 1615 1044 ore
1646 1007 1708 1044 est
1737 1005 1801 1055 (ad

313 1068 591 1108 ‘referendam'
631 1068 679 1109 cf.
699 1069 798 1108 Don.
819 1068 913 1108 Hec.
936 1070 1075 1118 153.1)
1117 1069 1225 1109 senis
1268 1081 1390 1120 quam
1429 1069 1639 1121 Pamphili,
1687 1070 1801 1109 cuius

314 1132 490 1171 indolem
528 1132 714 1171 dominus
757 1133 916 1182 effingit
952 1133 1012 1171 ita
1049 1135 1096 1171 ut
1135 1133 1207 1172 sit:
1236 1133 1488 1172 ‘adulescens
1517 1133 1617 1171 nihil
1646 1135 1800 1183 egregie

315 1198 475 1249 praeter
489 1198 624 1237 cetera
638 1196 808 1237 studens
837 1196 977 1237 docere
997 1196 1157 1237 videtur
1175 1199 1240 1236 ‘ne
1261 1196 1356 1250 quid
1381 1197 1523 1238 nimis.³
1553 1197 1639 1237 Hoc
1658 1200 1798 1238 autem

317 1261 515 1299 scholium
544 1274 635 1299 cum
663 1265 778 1312 parte
807 1262 935 1312 priore
965 1262 1064 1309 eius,
1095 1262 1201 1312 quod
1220 1274 1329 1300 nunc
1347 1261 1529 1311 legimus,
1557 1275 1681 1312 prave
1702 1275 1799 1300 con-

317 1323 564 1374 glutinatum
591 1337 662 1376 per
697 1324 861 1364 saecula
894 1327 1101 1364 servatum
1136 1326 1210 1375 est,
1249 1324 1376 1365 donec
1403 1324 1478 1364 viri
1507 1325 1613 1365 docti
1640 1325 1681 1364 in
1709 1326 1799 1364 tex-

316 1391 405 1427 tum
434 1389 578 1428 ‘modo'
608 1401 678 1440 pro
697 1388 886 1437 ‘domini’‚
916 1388 1121 1439 ‘quotidie'
1142 1402 1210 1440 pro
1230 1389 1292 1428 ‘de
1314 1391 1404 1440 quo'
1425 1389 1526 1428 falso
1546 1392 1800 1440 receperunt;

315 1452 463 1492 iniuria
490 1452 547 1492 illi
575 1451 748 1504 quidem,
779 1455 1021 1492 amoverunt
1050 1453 1156 1492 enim
1177 1451 1460 1492 difficultatem
1479 1465 1559 1492 non
1580 1455 1666 1493 tam
1685 1465 1798 1493 amo-

315 1518 490 1556 vendam
526 1531 648 1567 quam
683 1517 974 1568 explicandam,
1004 1531 1108 1568 quae
1137 1517 1230 1556 inde
1263 1518 1451 1566 nascitur,
1490 1517 1597 1569 quod
1625 1517 1801 1557 Terentii

316 1594 459 1622 versus
478 1594 562 1622 non
581 1583 688 1622 recte
718 1584 930 1622 enarratur
958 1594 982 1621 a
1010 1581 1181 1633 Donato,
1211 1581 1289 1621 nisi
1318 1581 1426 1621 Simo
1455 1583 1633 1623 dominus
1647 1581 1798 1622 Teren-

314 1648 452 1686 tianus
480 1649 584 1687 dicat
610 1647 717 1686 hanc
746 1648 991 1686 sententiam
1021 1647 1126 1686 sicut
1154 1661 1280 1686 senex
1308 1647 1588 1686 Menandreus.

423 1711 521 1750 Post
548 1710 656 1750 hunc
685 1711 888 1760 dialogum
908 1710 1198 1750 Terentianum
1225 1711 1464 1750 recentiores
1485 1710 1658 1750 editores
1678 1711 1797 1750 fabu-

314 1776 445 1814 larum
473 1775 791 1814 Fleckeisenium
820 1776 948 1814 secuti
976 1788 1011 1814 a.
1031 1789 1090 1814 vs.
1114 1776 1189 1814 172
1224 1776 1460 1826 principium
1494 1778 1610 1815 actus
1638 1776 1672 1815 11
1710 1778 1797 1815 sta-

314 1841 454 1889 tuunt3
484 1838 580 1878 dicit
607 1840 713 1878 enim
743 1838 850 1878 Simo
880 1839 1238 1878 Terentianus
1267 1852 1325 1878 vs.
1349 1840 1423 1878 171
1455 1839 1615 1879 Sosiae:
1643 1842 1798 1879 ‘eamus

314 1905 507 1943 nunciam
534 1904 651 1952 intro,
681 1904 695 1942 i
723 1916 829 1955 prae,
859 1906 1028 1954 sequar'.
1072 1903 1159 1942 Nisi
1187 1903 1228 1942 in
1249 1904 1411 1943 Terenti
1438 1903 1579 1943 fabula
1607 1905 1683 1943 hoc
1710 1904 1796 1944 loco

314 1970 452 2007 actum
482 1967 766 2017 concludimus,
798 1970 911 2019 sequi
939 1981 1021 2007 non
1050 1970 1186 2019 potest
1215 1981 1350 2017 seneX,
1379 1981 1474 2007 nam
1495 1970 1587 2020 post
1607 1982 1797 2008 scaenam

316 2035 339 2072 2
369 2034 485 2085 primi
513 2035 642 2082 actus,
673 2035 719 2071 ut
747 2033 868 2083 vulgo
898 2033 1133 2081 dividitur‚2>
1173 2036 1335 2085 propter
1361 2034 1388 2072 I.
1403 2034 1428 2072 5
1459 2033 1602 2083 (vulgo)
1632 2047 1796 2073 necesse

314 2100 389 2146 est,
420 2100 467 2136 ut
495 2109 622 2136 senex
651 2098 720 2135 eat
748 2097 800 2135 ad
827 2097 959 2135 forum
971 2098 998 2145 ²³)
1020 2100 1061 2136 et
1075 2097 1327 2149 Pamphilum
1349 2097 1397 2136 de
1417 2098 1569 2148 nuptiis
1589 2098 1796 2137 certiorem

313 2162 480 2211 faciat.⁴)
536 2162 582 2200 In
610 2160 819 2200 Menandri
853 2164 992 2201 autem
1026 2161 1168 2201 fabula
1202 2174 1327 2201 senex
1355 2174 1518 2201 versum
1549 2163 1636 2211 171,
1677 2175 1797 2213 quem

423 2248 444 2288 1)
468 2247 504 2279 Id
527 2248 600 2279 est:
631 2256 701 2278 non
723 2246 948 2287 ἠθοποιεῖσθαι
974 2246 1145 2279 Simonem
1167 2246 1348 2286 dominum,
1382 2247 1503 2289 quippe
1533 2247 1591 2289 qui
1612 2247 1700 2279 lianc
1721 2256 1796 2279 sen-

313 2302 455 2333 tentiam
478 2301 637 2343 proferat.

421 2356 443 2395 9)
468 2354 550 2385 Cum
566 2355 766 2386 Wessnerus
790 2354 962 2395 vulgarem
985 2364 1160 2385 numerum
1183 2364 1378 2385 scaenarum
1400 2354 1433 2385 in
1454 2354 1579 2386 Donati
1602 2355 1794 2385 commento

313 2408 504 2446 obtinuerit,
530 2417 654 2449 sequor
676 2418 762 2445 eum,
786 2417 829 2439 ne
851 2408 1000 2439 animum
1023 2407 1159 2440 lectoris
1181 2407 1373 2449 impediam.

422 2462 444 2502 ³)
468 2462 519 2493 De
549 2461 614 2493 hac
642 2471 679 2493 re
709 2471 776 2493 non
808 2463 898 2493 recte
920 2460 1080 2493 iudicavit
1103 2460 1136 2494 C.
1153 2461 1311 2501 Meissner,
1334 2459 1490 2500 ‘Andria’‚
1515 2461 1689 2503 Bemburg
1713 2460 1796 2494 1876

313 2525 343 2557 p.
359 2515 412 2553 30,
427 2515 479 2553 42,
495 2514 538 2547 47
562 2515 615 2555 (ad
637 2524 704 2547 vss.
722 2514 773 2553 28,
794 2514 864 2553 172,
879 2514 963 2555 206).

421 2569 443 2610 ⁴)
466 2568 583 2612 Neque
607 2568 695 2601 enim
717 2568 799 2601 fecit
821 2569 901 2600 ante
923 2568 977 2600 Ι.1
1003 2568 1045 2601 cf.
1062 2578 1109 2601 vs.
1131 2568 1190 2601 155
1203 2578 1285 2611 sqq.,
1311 2568 1370 2600 sed
1394 2569 1471 2610 post
1493 2576 1650 2600 scaenam
1672 2568 1695 2602 1.
1708 2567 1729 2600 2
1752 2567 1795 2601 cf.

309 2623 388 2655 Ter.
405 2623 505 2654 Andr.
522 2623 595 2660 227,
620 2622 692 2654 253.
