2118 3040
855 191 1124 229 -37-

252 299 301 338 cf.
325 298 399 337 Ad.
427 298 514 337 134.
536 299 569 336 1.
616 297 854 347 Profundat,
891 297 1034 348 perdat
1066 320 1120 326 —
1154 299 1334 347 ἐπιτροπή
1371 298 1501 348 fi‘yura
1540 295 1601 344 (cf.
1629 296 1729 335 Don.

249 361 324 404 Ad.
350 361 437 401 134.
453 361 488 401 2.
510 361 609 413 132).

358 500 556 542 Nunciam
583 502 849 541 retractemus
879 514 939 552 ea,
969 515 1073 554 quae
1103 500 1152 540 de
1180 500 1340 540 Donato
1370 500 1621 551 collegimus:

358 565 566 606 Adnotata
584 566 784 606 rhetorica
802 566 888 606 sive
908 566 1173 615 grammatica
1190 567 1233 605 in
1252 568 1477 605 commento
1497 565 1728 604 fabularum

252 631 294 670 et
313 629 543 682 Apollodori
572 631 614 670 et
632 628 842 670 Menandri
860 632 959 670 sunt
969 632 985 672 ε’
1005 630 1192 670 Donatus
1212 629 1334 680 igitur
1352 630 1471 669 homo
1492 630 1728 679 grammati-

252 707 387 734 corum
408 697 450 734 et
467 695 674 734 rhetorum
694 694 838 734 studiis
850 696 877 744 ¹)
896 695 1076 734 imbutus
1097 697 1170 734 est.
1211 694 1444 733 Aesthetica
1461 707 1557 733 vero
1577 693 1731 733 scholia

250 759 291 797 in
328 759 475 799 fabulis
503 758 779 811 Apollodoreis
817 759 1105 806 desiderantur,
1137 759 1179 798 in
1213 758 1465 798 Menandreis
1504 760 1728 797 occurrunt.

250 823 325 863 Hic
353 826 490 863 autem
517 823 714 874 interpres
739 822 987 862 aestheticus
1006 835 1049 862 se
1068 824 1254 875 praestat
1272 823 1445 862 maxime
1475 823 1667 861 scientem
1687 825 1730 860 et

249 899 381 926 rerum
409 889 451 927 et
474 887 682 927 literarum
696 887 1018 936 Atheniensium,
1049 887 1194 938 quippe
1224 887 1292 938 qui
1309 886 1375 926 vel
1393 899 1514 926 voces
1543 888 1586 925 et
1603 897 1727 925 voca-

249 951 346 990 bula
356 952 511 993 Graeca
527 951 653 1000 (velut
663 951 957 1003 Aristophanis)
977 951 1029 991 ad
1050 950 1329 1002 explicandum
1349 950 1552 990 adhibeat.
1588 950 1728 1001 Neque

251 1015 380 1055 solum
407 1015 509 1055 haec
537 1015 689 1055 scholia
717 1015 873 1067 spirant
900 1015 1080 1055 animum
1109 1015 1349 1055 scholiorum
1375 1013 1628 1061 Graecorum,
1657 1013 1729 1053 sed

251 1079 374 1119 etiam
401 1079 471 1119 illa
504 1079 585 1118 alia
613 1078 837 1118 aesthetica
864 1078 1013 1119 iudicia
1041 1078 1291 1131 disciplinam
1320 1078 1515 1118 Graecam
1551 1077 1728 1118 redolere

250 1144 468 1183 statuimus
488 1145 610 1195 atque
635 1144 905 1195 probavimus
952 1143 1063 1192 Quae
1093 1156 1183 1183 cum
1210 1144 1270 1183 ita
1289 1144 1382 1193 sint,
1412 1143 1546 1182 hunc
1574 1142 1696 1182 scho
1709 1165 1727 1171 -

249 1208 464 1248 liastam
498 1207 559 1247 ad
592 1208 807 1248 fabulas
835 1208 1185 1248 Menandreas
1219 1208 1577 1247 aestheticum
1612 1220 1729 1247 esse

251 1272 601 1311 s'choliastam
639 1271 890 1311 Graecum
927 1272 1300 1311 Menandreum
1337 1272 1579 1312 conicere
1626 1283 1727 1311 non

249 1349 550 1388 possumuS‚
590 1337 680 1376 sed
715 1337 967 1377 debemus.
1031 1337 1172 1389 Neque
1210 1337 1317 1376 enim
1345 1337 1536 1376 miramur
1564 1336 1616 1375 ad
1643 1336 1727 1375 Me-

249 1400 409 1450 nandri,
439 1413 521 1439 non
548 1401 647 1440 item
666 1400 718 1440 ad
731 1400 961 1453 Apollodori
980 1401 1217 1451 comoedias,
1248 1400 1508 1440 scholiastam
1529 1399 1728 1440 Graecum

250 1465 475 1504 exstitisse:
504 1465 682 1516 antiquis
701 1466 782 1505 iam
800 1466 1047 1517 temporibus
1061 1465 1282 1505 Menander
1299 1466 1557 1516 nuncupatur
1575 1466 1728 1514 ’ἄστρον

249 1533 314 1580 τῆς
341 1530 430 1572 νέας
461 1530 689 1580 κωμῳδίας’
721 1529 854 1579 (schol.
869 1529 982 1569 Dion.
997 1530 1136 1569 Thrac.
1161 1529 1203 1568 in
1232 1542 1328 1569 com.
1359 1529 1496 1569 Graec.
1523 1528 1637 1579 frgm.
1667 1527 1727 1569 ed.

249 1593 393 1633 Kaibel
420 1594 437 1633 Ι
463 1607 499 1646 p.
523 1595 595 1643 15),
626 1597 748 1646 atque
767 1595 1059 1646 Aristophanes
1084 1594 1344 1646 Byzantinus,
1374 1607 1493 1645 quem
1521 1596 1728 1633 auctorem

250 1670 338 1697 esse
380 1658 621 1698 scholiorum
663 1659 975 1698 aestheticorum
1016 1659 1067 1698 ad
1103 1658 1338 1710 Sophoclem
1376 1661 1417 1698 et
1444 1657 1673 1710 Euripidem
1703 1671 1729 1698 a

249 1722 364 1761 nobis
404 1735 494 1761 cum
522 1723 761 1762 Donatianis
800 1736 920 1775 saepe
954 1723 1188 1763 collatorum
1226 1725 1365 1763 censet
1402 1722 1729 1773 Trendelenburg

251 1786 323 1833 (1.1.
352 1800 387 1837 p.
403 1787 465 1825 53.
485 1788 562 1836 69),
592 1787 856 1826 Menandrum
877 1800 967 1826 cum
982 1787 1155 1826 Homero
1175 1788 1415 1838 aequavisse
1437 1787 1581 1826 dicitur
1607 1787 1728 1826 Inscr.

249 1850 295 1888 It.
324 1852 366 1888 et
394 1850 469 1890 Sic.
492 1851 594 1890 1183
623 1852 670 1890 K.
690 1870 743 1884 =
761 1851 890 1903 Epigr.
912 1850 1049 1891 Graec.
1071 1852 1184 1891 1085.
1205 1852 1249 1891 9:

362 1946 419 1985 Οὗ
447 1949 611 1996 φαύλως
636 1951 772 1998 ἔστησα
802 1950 884 1986 κατ’
900 1950 1132 1998 ὀφθαλμούς
1160 1964 1212 1992 σε,
1240 1949 1447 1998 Μένανδρε

440 2012 555 2061 τῆσδέ
582 2014 616 2061 γ’
637 2012 854 2063 Ὅμηρείης,
883 2014 1033 2063 φίλτατέ
1058 2028 1137 2063 μοι,
1165 2014 1337 2063 κεφαλῆς

357 2076 450 2113 ἀλλά
479 2091 520 2114 σε
549 2077 705 2126 δεύτερα
735 2079 841 2122 ἔταξε
869 2078 993 2128 σοφὸς
1020 2079 1179 2127 κρείνειν
1204 2079 1286 2127 μετ’
1308 2078 1453 2115 ἐκεῖνον

443 2142 708 2190 γραμματικὸς
735 2142 884 2184 κλεινὸς
910 2142 1083 2191 πρόσθεν
1106 2142 1391 2192 Ἀριστοφάνης.

311 2121 355 2137 χ

249 2236 305 2274 At
331 2233 596 2285 Apollodorus
635 2248 717 2275 non
756 2237 863 2276 tanti
900 2237 1139 2276 aestimatus
1175 2240 1238 2275 est
1269 2249 1401 2288 neque
1432 2237 1480 2276 de
1510 2236 1730 2276 scholiasta

250 2297 511 2350 Apollodoreo
541 2300 754 2351 quicquam
783 2301 1054 2351 cognovimus.
1095 2300 1168 2339 Illa
1192 2300 1439 2340 Menandrea
1461 2314 1556 2340 vero
1576 2301 1730 2340 scholia

249 2362 375 2402 fuisse
390 2374 471 2401 non
486 2362 716 2403 coniectura
729 2364 985 2414 hariolamur,
1015 2365 1135 2404 immo
1161 2378 1182 2404 e
1193 2378 1220 2403 x
1231 2378 1250 2404 s
1261 2365 1352 2404 titi
1363 2354 1383 2404 s
1394 2378 1413 2404 s
1425 2377 1445 2404 e
1475 2378 1537 2416 qu
1548 2377 1574 2404 a
1584 2377 1606 2404 e
1616 2364 1641 2403 d
1652 2377 1729 2404 am

252 2425 516 2475 (Timachidis)
546 2428 782 2478 accepimus.

359 2567 379 2607 ¹)
404 2565 452 2597 Cf.
469 2565 663 2597 testimonia
684 2566 706 2597 8
729 2569 763 2598 et
777 2568 799 2599 9
823 2568 885 2607 (ed.
902 2568 1073 2600 Wessneri
1088 2568 1102 2599 I
1119 2569 1222 2609 praef.
1247 2579 1278 2609 p.
1295 2568 1382 2609 V11):
1403 2568 1615 2609 grammatici
1636 2567 1729 2600 urbis

250 2620 373 2652 Romae
395 2636 435 2641 —
459 2618 599 2651 oratoris
620 2618 712 2650 urbis
734 2619 869 2653 Romae.
