2118 3040
949 183 1218 222 -46-

448 287 528 329 Sed
566 287 736 339 scholia,
774 301 880 341 quae
916 287 1188 330 ‘Menandrea’
1227 288 1411 339 diximus,
1452 301 1690 340 cognoscere
1731 301 1825 341 per-

338 365 493 402 gamus.

445 416 504 456 De
547 428 698 456 scaena.
738 416 783 456 11.
809 417 834 456 6
877 416 1121 456 Terentiana
1164 415 1280 465 (Men.
1307 416 1352 455 Π.
1378 417 1428 466 4),
1472 416 1585 456 cuius
1627 428 1824 468 personae

337 479 548 532 Pamphilo
569 494 627 520 vs.
648 481 735 519 425.
756 480 920 520 domum
937 480 1118 529 ingresso
1138 480 1281 520 Davus
1301 482 1343 519 et
1361 479 1468 519 Simo
1489 481 1597 530 sunt,
1626 479 1824 532 interpres

338 544 548 584 scaenicus
595 544 653 584 sic
699 545 784 594 agit
806 544 936 593 '(Don.
965 544 1053 584 432.
1085 544 1136 594 1):
1189 545 1280 584 haec
1324 558 1462 585 scaena
1511 543 1612 584 dolos
1658 546 1826 585 eontinet

336 610 539 658 utriusque
584 622 790 659 personae,
838 609 976 658 quibus
1021 613 1185 658 utraque
1231 613 1267 648 et
1313 610 1415 659 capit
1455 613 1490 648 et
1532 610 1684 659 capitur
1723 610 1824 649 miro

336 674 456 713 modo.

445 735 524 776 Sed
535 749 627 776 cum
639 736 688 776 de
698 735 775 776 hoc
785 748 905 788 quem
917 735 1148 776 audivimus
1164 735 1396 786 scholiasta,
1407 738 1496 776 tum
1511 735 1560 777 de
1570 737 1661 776 tota
1674 748 1824 776 scaena

336 800 583 839 Terentiana
611 800 787 851 scrupuli
825 799 989 850 quidam
1017 812 1081 838 me
1119 802 1318 851 premunt.
1375 799 1542 847 Quaerit
1579 801 1685 839 enim
1714 799 1823 839 Simo

336 875 358 902 e
388 876 505 903 servo
527 864 643 913 (438),
672 875 771 902 num
790 862 1001 915 Pamphilo
1028 863 1197 914 nuptiae
1226 862 1423 903 molestae
1451 863 1544 903 sint.
1590 862 1825 915 Respondet

334 927 378 966 in
405 926 549 967 fabula
577 927 739 966 Terenti
768 939 926 967 servus:
955 926 1068 966 ‘nihil
1096 926 1258 976 hercle’,
1289 940 1409 978 quam
1440 927 1752 974 superlationem
1782 929 1825 966 et

335 991 614 1031 traiectionem
635 991 775 1031 statim
801 991 961 1040 corrigit
978 991 1080 1042 ipse:
1109 991 1276 1030 ‘biduist
1304 993 1378 1031 aut
1397 991 1518 1031 tridui
1546 992 1648 1031 haec
1676 990 1822 1031 sollici-

335 1054 447 1105 tudo,
478 1055 623 1095 deinde
653 1055 838 1094 desinet'.
885 1054 1018 1094 Nihilo
1037 1055 1171 1094 minus
1197 1067 1323 1094 senex
1352 1055 1632 1107 quaestionem
1659 1055 1822 1108 repetit:

334 1119 556 1160 ‘subtristis
594 1120 728 1159 visust
765 1132 854 1159 esse
892 1118 1191 1171 aliquantillum
1229 1119 1338 1159 mihi'
1379 1121 1448 1168 (vs.
1474 1120 1576 1169 447).
1631 1119 1722 1159 Non
1758 1119 1823 1159 in-

334 1184 550 1233 tellexeris,
590 1196 714 1236 quare
752 1183 858 1223 hanc
901 1183 1209 1223 sollicitudinem
1253 1185 1295 1222 et
1336 1183 1544 1223 tristitiam
1585 1184 1751 1223 miretur
1787 1184 1823 1223 is

334 1250 468 1299 pater,
504 1249 576 1302 ⁴qui
604 1260 630 1287 a
657 1248 781 1298 poeta
817 1249 903 1286 tam
940 1247 1074 1286 iustus
1110 1247 1363 1286 existimator
1394 1259 1551 1286 morum
1587 1246 1661 1286 filii
1697 1247 1821 1286 fictus

335 1313 400 1350 est
428 1309 591 1359 (scaena
617 1311 644 1350 L
662 1311 713 1360 1)!
756 1311 834 1350 Gur
862 1313 1000 1350 autem
1030 1311 1140 1359 (Don.
1160 1310 1281 1351 Andr.
1301 1312 1446 1360 449.v1)
1475 1316 1636 1361 apparet
1662 1312 1822 1351 Davum

333 1390 457 1415 ‘nunc
484 1389 722 1425 quaerere,
753 1376 862 1424 quid
880 1377 1153 1424 respondeat
1178 1380 1218 1414 et
1246 1377 1302 1414 ad
1329 1388 1461 1424 quam
1489 1388 1672 1414 causam
1700 1376 1822 1414 deri-

333 1443 404 1479 vet
440 1452 604 1479 aversa
646 1439 910 1489 suspicione
953 1439 1205 1478 tristitiam
1242 1439 1492 1489 Pamphili,
1537 1452 1653 1488 quam
1691 1439 1823 1478 (mimo

334 1505 499 1544 advertit
531 1504 678 1543 senex?
742 1502 884 1542 Davus
924 1502 991 1542 ille
1034 1502 1195 1554 quidem
1233 1502 1499 1542 Terentianus
1536 1503 1613 1542 hoc
1648 1502 1734 1542 loco
1772 1502 1822 1541 de

333 1566 612 1617 respondendo
633 1566 818 1605 dubitare
839 1578 920 1604 non
940 1568 1087 1617 potest,
1110 1565 1211 1604 dixit
1230 1567 1336 1605 enim
1356 1567 1459 1606 seni:
1479 1566 1590 1605 bidui
1609 1568 1682 1605 aut
1700 1565 1822 1605 tridui

336 1643 425 1671 esse
450 1629 771 1680 sollicitudinem,
802 1630 874 1670 sed
892 1629 1023 1669 filium
1044 1630 1239 1681 optimum
1267 1630 1373 1681 patri
1393 1629 1561 1682 obsequi
1579 1632 1622 1670 et
1640 1629 1818 1669 animum

335 1694 387 1733 ad
407 1706 574 1733 uxorem
593 1693 809 1744 adpellere;
838 1694 926 1733 seni
953 1696 1047 1746 post
1065 1706 1125 1732 vs.
1145 1695 1223 1732 447
1252 1693 1493 1745 respondere
1521 1695 1696 1745 poterat:
1725 1693 1820 1745 quid

334 1758 510 1798 mirum?
548 1756 655 1809 quod
692 1757 820 1797 tristis
859 1758 937 1797 est!
992 1757 1133 1807 Longa
1170 1757 1444 1798 ‘consuetudo'
1485 1771 1575 1798 cum
1612 1757 1821 1810 peregrina

333 1822 404 1861 illa
433 1823 470 1861 01
506 1834 557 1861 ex
594 1822 730 1860 animo
765 1821 944 1862 eicienda
981 1823 1054 1860 est.
1110 1821 1222 1869 Quae
1260 1821 1421 1873 quidem
1457 1821 1617 1861 Donato
1656 1823 1820 1861 auctore

334 1885 578 1938 respondere
596 1898 681 1926 non
700 1887 847 1937 potest.
893 1885 1005 1926 Haec
1023 1887 1162 1926 autem
1191 1886 1376 1938 quaestio
1396 1885 1577 1936 solvitur,
1608 1899 1697 1925 cum
1726 1898 1818 1938 per-

336 1951 530 1990 currimus
572 1950 757 1989 fabulam
799 1962 927 2001 usque
971 1949 1022 1989 ad
1051 1962 1242 1989 scaenam
1279 1950 1344 1989 111.
1365 1950 1401 1989 3.
1467 1950 1576 1989 Simo
1620 1950 1820 1989 Chremeti

335 2027 396 2054 vs.
415 2014 495 2054 552
514 2015 670 2054 narrat:
690 2014 786 2054 ‘irae
806 2015 903 2054 sunt
919 2015 1025 2054 inter
1045 2013 1273 2066 Glycerium
1302 2017 1345 2054 et
1362 2016 1542 2064 gnatum'
1577 2016 1619 2054 et
1646 2027 1704 2054 vs.
1723 2014 1820 2054 576:

334 2070 466 2129 ‘ipsus‘
480 2078 579 2116 mihi
597 2079 751 2127 Davus,
773 2079 840 2129 qui
854 2078 1058 2117 intumust
1073 2090 1211 2117 eorum
1227 2078 1414 2127 consiliis,
1431 2077 1560 2117 dixit’.
1588 2077 1819 2130 Numquam

334 2141 468 2182 adhuc
485 2141 528 2181 in
543 2141 790 2182 Terentiana
807 2141 950 2182 fabula
968 2143 1112 2182 harum
1130 2142 1236 2182 inter
1254 2142 1508 2195 Pamphilum
1529 2144 1570 2182 et
1590 2142 1819 2195 Glycerium

333 2205 577 2245 invidiarum
614 2207 766 2246 mentio
794 2207 860 2247 fit:
900 2219 954 2245 an
993 2207 1187 2246 mentitur
1220 2207 1329 2246 Simo
1358 2207 1511 2246 senex?
1567 2208 1623 2245 At
1651 2207 1818 2246 menda-

335 2270 439 2310 cium
468 2283 495 2309 a
528 2270 637 2309 senis
674 2269 807 2309 indole
846 2270 1009 2309 omnino
1049 2270 1261 2309 abhorrere
1301 2270 1546 2310 censendum
1585 2272 1658 2310 est.
1715 2269 1819 2318 Quid

334 2346 430 2373 vero
460 2333 509 2373 de
530 2347 652 2373 versu
671 2334 762 2383 597,
792 2334 863 2373 ubi
882 2334 990 2373 Simo
1010 2334 1107 2373 dicit
1124 2334 1241 2373 Davo
1267 2347 1399 2373 servo:
1424 2336 1553 2386 ‘potes
1572 2347 1692 2383 nunc,
1722 2333 1818 2373 dum

334 2398 495 2435 animus
522 2398 704 2436 irritatus
725 2399 799 2435 est'
830 2396 890 2445 (cf.
910 2410 970 2436 vs.
989 2398 1093 2447 591),
1114 2397 1397 2436 iudicabimus!
1439 2397 1592 2449 Itaque,
1623 2408 1713 2436 cum
1742 2397 1818 2436 hoc

333 2460 421 2501 loco
449 2461 564 2501 Davo
603 2461 777 2501 ‘animus
813 2462 1007 2501 irritatus'
1036 2461 1236 2513 Pamphili
1265 2462 1358 2509 (scil.
1385 2462 1474 2502 rixa
1502 2475 1593 2502 cum
1622 2461 1819 2514 Glycerio)

334 2528 562 2575 compertus
591 2528 712 2575 esset,
742 2525 850 2563 Simo
870 2537 953 2563 non
982 2525 1178 2564 mentitus
1207 2527 1280 2564 est.
1322 2525 1438 2564 Unde
1466 2527 1514 2564 tu
1542 2525 1746 2564 Simonem
1775 2526 1819 2563 et

331 2587 494 2630 Davum
533 2589 802 2640 cognitionem
835 2589 994 2630 illarum
1032 2589 1318 2630 discordiarum
1355 2590 1504 2630 habere
1541 2591 1676 2642 putas,
1715 2602 1819 2642 quas
