2118 3040
888 219 1155 257 -67-

283 327 445 375 vocent3
458 323 580 364 Thais
593 325 700 364 enim
708 326 869 377 propter
877 325 1072 374 virginem
1087 324 1433 364 dehonestandam
1448 325 1512 364 est
1522 323 1759 364 amovenda.

280 389 435 429 Harum
474 391 610 428 autem
647 401 909 441 personarum
946 388 1077 437 (schol.
1097 388 1198 428 Eun.
1217 389 1306 428 391.
1324 390 1358 437 1)
1386 402 1509 428 sermo
1541 390 1595 428 sic
1619 389 1759 438 prodit,

281 457 327 493 ut
346 457 437 504 post
462 466 641 494 scaenam
667 453 870 494 incohatas
896 466 974 493 esse
1010 456 1205 493 noscatur.
1233 454 1400 493 continet
1431 456 1562 493 autem
1589 457 1759 492 assenta-

280 518 426 557 tionem
450 518 701 567 parasiticam
729 520 765 556 et
791 516 996 556 stultitiam
1021 517 1179 569 ylariosi
1205 517 1349 557 militis.

389 580 501 621 Haec
537 581 664 620 verba
700 582 798 619 sunt
835 580 1078 620 scholiastae
1117 579 1344 628 aesthetici3
1385 579 1491 619 idem
1533 582 1758 630 οἰκονομίαν

280 643 445 685 fabulae
475 645 666 685 observat
692 643 793 685 Eun.
813 645 891 684 434
920 644 980 695 (cf.
1000 658 1123 697 supra
1149 657 1185 697 p.
1205 644 1269 695 20)
1299 646 1341 684 et
1360 644 1449 684 440.
1465 645 1506 683 2:
1534 645 1596 685 hic
1613 659 1759 697 mayna

280 712 483 760 οἰκονομία
520 714 585 760 eet,
624 722 703 758 qua
734 709 938 750 Terentius
963 714 1195 761 praeparat,
1230 711 1548 759 quemadmodum
1583 710 1759 761 iuryium

279 775 384 815 inter
406 774 597 814 Thaidem
614 775 845 823 militemque
862 778 898 814 et
920 774 1163 814 Gnathonem
1184 787 1259 825 per
1277 775 1402 815 duas
1421 778 1602 824 partes
1628 778 1758 825 serpat

277 839 443 889 fabulae.
485 838 600 877 Prius
618 837 791 887 iurgium
808 838 891 877 iam
909 839 1005 877 ante
1024 838 1260 890 principium
1278 838 1440 877 fabulae
1460 838 1632 887 exstitit;
1660 850 1757 877 nam

278 901 404 952 miles,
433 914 524 942 cum
551 901 692 941 Thaidi
723 901 894 942 alterum
921 915 1010 942 esse
1038 903 1261 942 amatorem
1288 902 1553 954 cognovisset,
1583 902 1756 952 iurgium

277 967 529 1006 excitaverat
556 965 619 1017 (cf.
639 966 724 1006 Ter.
743 965 844 1007 Eun.
863 967 953 1016 480)
983 968 1024 1006 et
1060 968 1321 1006 recusaverat
1347 978 1398 1005 ne
1426 966 1621 1016 virginem
1649 965 1754 1005 dono

278 1031 402 1069 daret.
458 1029 679 1082 Postquam
716 1029 818 1070 alter
854 1032 994 1070 autem
1021 1032 1178 1070 amator
1213 1042 1296 1070 non
1333 1030 1532 1069 admissus
1569 1030 1755 1070 discessit

277 1095 348 1144 (ob
369 1096 634 1137 tollendum
651 1096 859 1147 iuryium
880 1095 1063 1146 mittitis:
1089 1094 1209 1135 schol.
1229 1095 1319 1144 629)
1342 1096 1383 1134 et
1402 1095 1513 1144 virgo
1533 1094 1637 1134 dono
1657 1093 1755 1135 data

277 1161 351 1209 est,
391 1160 663 1199 controversia
696 1159 873 1209 sedatur,
913 1158 984 1199 sed
1011 1171 1120 1199 nova
1148 1172 1170 1198 e
1199 1159 1362 1199 consilio
1400 1158 1627 1199 Gnathonis
1665 1161 1755 1199 orta

275 1225 368 1274 post
393 1236 583 1263 scaenam
610 1223 672 1263 111.
687 1224 712 1262 2
739 1223 888 1275 incipit.
934 1223 1059 1263 Recte
1085 1223 1207 1273 igitur
1224 1224 1409 1262 Donatus
1438 1222 1555 1263 dixit:
1579 1224 1754 1275 iuryium

268 1302 344 1339 per
383 1289 483 1329 duas
516 1292 651 1339 partes
689 1289 809 1338 serpit
849 1288 1013 1338 fabulae,
1063 1287 1104 1327 id
1141 1287 1249 1339 quod
1285 1300 1367 1326 non
1406 1287 1587 1337 dixisset,
1631 1288 1665 1326 si
1704 1287 1752 1327 de

275 1351 442 1392 ‘Colace'
482 1354 525 1392 et
562 1351 788 1392 ‘Eunucho’
831 1352 996 1403 egisset,
1045 1354 1092 1391 ut
1132 1351 1196 1391 W.
1215 1351 1263 1391 H.
1283 1351 1456 1392 Grauert
1496 1351 1574 1402 (1.1.
1605 1365 1641 1404 p.
1664 1352 1752 1401 170)

274 1418 319 1455 et
344 1416 416 1456 Ph.
434 1416 562 1456 Fabia
590 1416 624 1465 (1.
643 1416 667 1455 l.
686 1429 722 1468 p.
738 1417 801 1466 44)
829 1416 934 1456 falso
963 1415 1223 1456 contendunt.
1268 1415 1384 1467 Ergo,
1414 1428 1505 1455 cum
1534 1416 1755 1456 scholiasta

275 1481 484 1521 scaenicus
504 1483 546 1520 et
564 1481 811 1521 aestheticus
840 1481 889 1521 de
916 1480 993 1521 hac
1012 1493 1161 1521 scaena
1188 1480 1371 1532 disserat,
1401 1482 1487 1520 eius
1515 1482 1675 1533 partem
1702 1493 1753 1521 ex

273 1545 468 1585 Eunucho
501 1545 749 1585 Menandrea
782 1545 945 1584 ductam
983 1558 1084 1596 esse,
1130 1557 1252 1596 quam
1289 1557 1431 1584 versus
1459 1545 1673 1584 391—397
1711 1547 1753 1584 et

274 1609 486 1649 434—453
507 1609 693 1662 amplecti
711 1611 900 1661 suspicor.
941 1611 1076 1661 Atque
1106 1609 1230 1649 etiam
1248 1609 1444 1649 Parmeno
1455 1610 1482 1659 1)
1512 1622 1576 1649 me
1591 1609 1753 1661 quidem

272 1673 422 1713 arbitro
465 1673 621 1724 dialogo
655 1674 792 1713 militis
829 1673 1075 1726 parasitique
1113 1673 1281 1712 ineunte
1323 1674 1436 1713 venit
1475 1674 1518 1712 in
1560 1685 1752 1714 scaenam

272 1737 569 1788 Menandream,
598 1739 695 1778 item
714 1738 838 1778 Thais
864 1740 959 1790 post
977 1738 1189 1789 dialogum.
1237 1738 1324 1787 Qua
1351 1738 1574 1790 prodeunte
1603 1750 1753 1778 scaena

271 1802 335 1842 111.
360 1803 384 1841 2
420 1803 656 1855 principium
692 1803 826 1842 habet.
881 1802 937 1842 Ut
973 1805 1111 1842 autem
1148 1805 1324 1852 taceam,
1363 1815 1486 1854 quam
1522 1803 1752 1842 necessaria

271 1866 373 1907 haec
400 1869 587 1917 scaenaff)
617 1880 708 1907 cum
735 1880 908 1920 persona
934 1867 1072 1907 militis
1092 1866 1145 1906 ad
1159 1869 1382 1917 οἰκονομίαν
1399 1866 1565 1907 fabulae
1579 1867 1750 1907 Menan-

271 1931 391 1970 dreae
420 1932 484 1981 sit,
513 1931 711 1971 habemus
741 1932 864 1971 etiam
892 1931 1151 1971 scholiastam
1179 1932 1407 1970 scaenicum
1436 1931 1535 1971 Don.
1551 1932 1640 1971 454.
1659 1932 1680 1970 1
1710 1932 1751 1971 et

270 1996 383 2035 illum
398 1996 665 2036 aestheticum
680 1995 920 2035 ‘Graecum’2
939 1996 1039 2035 Don.
1050 1996 1129 2035 455
1145 1995 1205 2045 (cf.
1222 2008 1344 2047 supra
1362 2009 1398 2047 p.
1409 1997 1489 2046 24);
1508 1996 1609 2036 Don.
1624 1996 1748 2036 495.1

268 2062 589 2111 προπαρασκευή;
609 2060 697 2099 501.
727 2062 927 2110 οἰκονομία
957 2059 1018 2109 (cf.
1038 2073 1160 2112 supra
1186 2073 1223 2112 p.
1243 2061 1318 2110 20).

376 2124 546 2163 Perinde
575 2127 697 2175 atque
726 2123 778 2163 ad
796 2124 859 2163 ΠΙ.
874 2125 898 2162 2
928 2123 981 2163 ad
1017 2125 1254 2176 principium
1292 2125 1414 2163 etiam
1448 2137 1619 2164 scaenae
1646 2124 1708 2163 ΠΙ.
1722 2125 1747 2162 3

270 2187 466 2228 scholium
494 2188 723 2229 scaenicum
750 2189 918 2240 legimus
938 2189 1037 2230 Don.
1056 2189 1202 2230 507.1:
1231 2190 1323 2230 haec
1342 2203 1514 2241 persona
1540 2191 1647 2241 apud
1664 2190 1746 2229 Me-

268 2254 469 2293 nandrum
496 2255 747 2294 adulescentis
773 2255 911 2294 rustici
938 2258 1001 2294 est.
1053 2253 1166 2302 Quod
1204 2253 1446 2293 scholiastae
1479 2253 1668 2293 iudicium
1697 2252 1746 2292 de

377 2436 398 2479 ι)
421 2436 559 2469 Modum
589 2437 721 2470 excedit
750 2437 874 2476 Ihnius,
903 2437 960 2479 qui
990 2436 1057 2477 (1.1.
1074 2447 1106 2479 p.
1125 2436 1261 2478 16—20)
1284 2437 1477 2470 Terentium
1506 2436 1588 2468 alias
1611 2446 1746 2478 quoque

268 2500 430 2532 personas
463 2492 565 2532 atque
598 2490 633 2521 in
663 2491 805 2532 prologo
833 2491 1034 2528 nominatas,
1068 2492 1107 2522 ut
1136 2490 1202 2522 hoc
1223 2490 1299 2522 loco
1323 2489 1550 2527 Parmenonis,
1583 2499 1601 2521 e
1624 2488 1745 2520 Colace

266 2543 489 2587 assumpsisse
504 2543 660 2586 opinatur
671 2545 801 2585 (contra
815 2554 892 2576 eum
904 2542 944 2577 K.
956 2543 1068 2576 Braun
1083 2543 1103 2577 l.
1120 2543 1141 2577 1.
1157 2554 1188 2586 p.
1197 2543 1256 2584 25;
1272 2544 1320 2577 1⁴¹1.
1332 2543 1471 2577 Nencini
1485 2543 1506 2576 l.
1519 2543 1540 2576 1.
1557 2553 1587 2585 p.
1600 2542 1642 2576 79
1649 2543 1743 2585 sqq.)

374 2598 399 2638 ¹)
421 2597 574 2630 Eunuchi
596 2597 724 2630 scilicet
753 2607 876 2630 scaena
904 2598 959 2630 hic
988 2599 1023 2630 et
1052 2597 1119 2630 illic
1146 2598 1385 2630 additamentis
1407 2608 1449 2629 ex
1471 2597 1601 2629 Colacis
1629 2596 1746 2628 fabula

261 2654 432 2685 ,exornata
454 2653 507 2684 est
528 2653 589 2689 (vs.
603 2650 668 2684 497
691 2651 844 2693 exemplo
867 2651 964 2694 utar),
987 2651 1029 2685 cf.
1045 2651 1098 2684 Fr.
1115 2651 1184 2684 Leo
1207 2652 1294 2685 Men.
1310 2651 1386 2684 Kol.
1403 2662 1432 2693 p.
1445 2650 1517 2683 691.
