2118 3040
945 211 1213 249 „21-

442 318 515 358 Ad.
537 320 597 358 78.
624 321 657 358 1.
694 319 1001 368 κατόἰκονομίαν
1043 319 1268 368 supervenit,
1310 318 1355 357 de
1384 331 1457 367 quo
1497 330 1620 357 sermo
1661 320 1727 366 est,
1769 319 1815 355 ut

333 384 451 434 factis
477 385 580 424 dicta
606 384 872 425 ostendantur.

442 458 514 498 Ad.
535 460 622 499 211.
643 460 677 499 2.
706 460 900 508 οἰκονομία
921 487 930 496 .
950 487 986 496 ..
1026 457 1088 507 (de
1122 458 1198 497 hoc
1236 456 1384 497 scholio
1423 469 1496 496 suo
1533 456 1620 496 loco
1649 457 1814 506 agetur).

442 533 514 573 Ad.
533 535 622 573 356.
651 534 855 582 οἰκονομία,
883 534 928 572 in
954 546 1032 583 qua
1059 533 1282 582 ostenditur,
1310 536 1499 581 quantum
1517 531 1807 571 commovebitur

335 597 484 638 Demea
510 599 597 648 ipsa
624 611 667 637 re
694 600 896 647 comperta,
926 609 1012 636 cum
1039 610 1087 636 ex
1106 609 1231 646 parva
1258 597 1316 636 rei
1341 595 1557 646 suspicione
1585 599 1740 635 tantum
1766 608 1806 633 se

335 662 485 711 afliciat
514 694 522 702 .
543 695 551 702 .
571 695 579 702 .

442 736 514 775 Ad.
534 737 622 775 441.
643 736 678 775 2.
707 739 742 776 et
759 748 903 787 mayna
922 736 1115 785 οἰκονομίᾳ
1142 748 1258 776 senex
1275 735 1470 785 laudatur,
1497 738 1541 775 ut
1554 732 1809 785 postulationi

335 803 417 842 eius
443 802 575 841 statim
602 801 705 840 adsit
722 799 835 849 fides.

443 874 516 914 His
547 876 610 915 tot
637 873 735 914 locis
763 872 1100 914 Menandreis
1128 873 1288 913 disserit
1314 873 1500 913 Donatus
1529 871 1578 912 de
1606 874 1801 922 οἰκονομίᾳ

335 940 391 978 At
417 939 459 977 in
486 938 799 990 Apollodori
826 937 976 977 fabulis
1004 938 1202 977 enarratis
1228 961 1282 966 ——
1311 949 1556 989 quamquam
1592 937 1657 976 hic
1693 939 1816 987 poeta

335 1015 417 1041 non
436 1003 569 1041 minus
598 1002 779 1041 animum
807 1002 860 1041 ad
887 1004 1016 1041 artem
1043 1004 1259 1051 οἰκονομίας
1283 1002 1461 1041 advertit
1489 1004 1531 1041 et
1558 1000 1735 1040 attendit
1761 1023 1815 1028 —

335 1078 416 1105 non
443 1066 641 1105 habemus
670 1064 718 1104 de
747 1067 942 1116 οἰκονομίᾳ
978 1065 1141 1105 fabulae
1179 1065 1464 1105 adnotationes
1501 1065 1580 1104 nisi
1607 1064 1670 1103 his
1697 1064 1813 1103 locis:

441 1141 536 1180 Hec.
557 1142 644 1180 175.
664 1142 700 1180 3.
727 1142 831 1181 mira
859 1142 1074 1191 οἰκονομία.·
1100 1141 1166 1191 fac
1183 1142 1287 1182 enim
1302 1145 1541 1191 praesentem
1560 1139 1653 1188 (scil.
1674 1151 1812 1178 senem

335 1203 585 1257 Phidippum)
619 1209 655 1245 et
681 1206 812 1245 nullus
840 1218 947 1245 error
974 1206 1019 1245 in
1044 1205 1180 1256 fabula
1207 1209 1272 1247 est.
1329 1203 1442 1254 Quod
1477 1203 1699 1256 Phidippus
1734 1203 1815 1242 ruri

335 1271 521 1308 versatur
561 1268 660 1308 nihil
702 1269 852 1308 attinet
893 1268 946 1308 ad
972 1271 1170 1308 ‘errorem'
1199 1268 1372 1319 fabulae,
1408 1281 1527 1320 quem
1554 1268 1730 1307 breviter
1757 1267 1813 1306 sic

336 1332 555 1372 describas:
593 1332 826 1386 Pamphilus
854 1332 1051 1382 virginem
1078 1334 1175 1372 ante
1203 1333 1368 1385 nuptias
1395 1333 1584 1372 vitiatam
1623 1334 1665 1371 et
1693 1344 1743 1370 ex
1771 1343 1815 1370 se

335 1396 542 1447 gravidam
578 1397 663 1450 ipse
700 1398 820 1437 huius
857 1398 916 1437 rei
951 1399 1102 1437 inscius
1138 1399 1181 1437 in
1213 1399 1514 1437 matrimonium
1542 1397 1676 1446 duxit;
1712 1397 1815 1436 haec

335 1462 496 1513 propter
522 1463 694 1513 partum,
723 1474 805 1501 non
832 1464 992 1514 propter
1018 1462 1148 1501 rixam
1176 1474 1267 1501 cum
1295 1474 1411 1502 socru
1438 1461 1621 1502 habitam
1649 1461 1813 1500 domum

335 1525 477 1565 matris
505 1539 605 1565 suae
637 1527 814 1566 revertit.
855 1550 909 1555 —
951 1527 1179 1566 Scholiasta
1205 1527 1326 1576 igitur
1358 1527 1435 1565 hoc
1462 1527 1644 1578 Hecyrae
1655 1527 1682 1574 ²)
1724 1526 1811 1564 loco

337 1601 418 1628 non
454 1591 541 1628 tam
576 1589 740 1629 fabulae
779 1602 901 1642 quam
937 1602 1056 1629 suum
1091 1590 1217 1642 ipsius
1254 1592 1449 1630 ‘errorem'
1488 1589 1604 1630 nobis
1641 1589 1812 1642 aperuit,

337 1667 427 1693 cum
454 1654 636 1704 nesciret,
667 1667 771 1706 quae
791 1656 900 1694 esset
917 1655 980 1694 vis
1000 1657 1215 1705 οἰκονομίας
1233 1655 1431 1704 vocabuli,
1461 1654 1568 1706 quod
1586 1655 1629 1694 in
1648 1654 1810 1693 scholiis

337 1716 500 1756 Graecis
510 1718 538 1766 ²)
569 1717 634 1757 vel
652 1718 892 1757 Donatianis
913 1717 964 1757 ad
986 1718 1149 1757 Terenti
1175 1718 1335 1757 fabulas
1362 1718 1629 1758 Menandreas
1647 1717 1811 1768 legerat.

442 1791 617 1831 Restant
645 1792 724 1832 duo
753 1792 802 1832 de
831 1795 1032 1843 οἰκονομίᾳ
1059 1793 1137 1832 1οοί
1163 1794 1205 1832 in
1223 1793 1474 1832 Phormionis
1501 1793 1658 1832 fabula:
1687 1793 1814 1832 altero

337 1854 555 1895 scholiasta
571 1855 687 1896 velut
713 1855 905 1897 Euanthii
924 1856 1151 1909 exemplum
1176 1859 1340 1897 secutus
1369 1858 1454 1908 agit
1474 1857 1641 1906 (Phorm.
1663 1857 1750 1897 750.
1772 1857 1809 1905 2)

338 1919 386 1958 de
420 1921 541 1970 poeta
573 1923 743 1960 cavente
780 1934 832 1960 ne
869 1921 1074 1961 comoedia
1114 1922 1156 1960 in
1197 1921 1447 1971 tragoediam
1487 1923 1682 1961 transeat.
1738 1921 1815 1960 Cur

337 1985 475 2023 autem
493 1985 694 2035 οἰκονομία
713 1980 916 2038 adscripta
934 1986 988 2026 sit
1008 1986 1108 2026 Don.
1127 1986 1284 2026 Phorm.
1304 1987 1403 2026 534:
1433 1985 1535 2035 Quid
1561 1985 1741 2026 faciam?
1761 2008 1813 2014 -—

337 2050 536 2098 οἰκονομία
564 2051 617 2089 ad
642 2051 825 2101 futurum
852 2052 999 2091 exitum
1024 2052 1235 2091 comoediae
1261 2051 1304 2090 in
1332 2050 1544 2103 propatulo
1573 2063 1655 2090 non
1684 2053 1758 2090 est.

444 2123 694 2164 Tenentibus
731 2126 851 2175 igitur
886 2126 1001 2166 nobis
1039 2126 1315 2175 scholiastam,
1354 2127 1422 2178 qui
1459 2127 1621 2166 Terenti
1648 2126 1810 2166 fabulas

338 2185 622 2238 Apollodoreas
662 2189 959 2241 interpretatur,
1002 2190 1136 2229 minus
1178 2192 1400 2240 οἰκονομίας
1441 2202 1582 2230 vocem
1624 2189 1812 2228 adhibere

446 2357 469 2398 ¹)
491 2357 608 2390 Altero
620 2358 697 2390 loco
710 2359 860 2402 Hecyrae
872 2360 1009 2392 omnino
1021 2370 1091 2392 non
1101 2360 1335 2403 intellegimus,
1349 2361 1429 2403 quid
1441 2360 1504 2393 sibi
1514 2361 1598 2392 velit
1607 2360 1814 2393 scholiasta:

338 2412 418 2443 Hec.
433 2410 524 2443 ⁴810.
540 2410 571 2442 2.
594 2407 787 2453 οἰκονομικῇ
809 2414 944 2453 διανοίᾳ.
977 2414 1069 2445 Haec
1093 2418 1207 2445 autem
1229 2414 1342 2452 verba,
1377 2424 1453 2445 cum
1475 2415 1509 2446 in
1543 2414 1711 2446 codicibus
1743 2423 1812 2444 non

339 2466 483 2503 exstent,
505 2464 540 2496 in
562 2464 699 2497 dubium
721 2468 801 2499 sunt
823 2467 987 2499 vocanda.

446 2518 469 2560 Β)
492 2518 598 2550 Recte
620 2521 852 2553 oeconomiam
875 2521 917 2553 de
938 2531 1082 2563 persona
1102 2522 1253 2560 absente,
1276 2524 1315 2553 ut
1338 2533 1356 2554 e
1379 2522 1492 2555 multis
1507 2521 1698 2564 exemplum
1712 2531 1816 2553 unum

338 2571 491 2611 afferam,
521 2571 708 2658 Scholiasta
739 2574 884 2606 adnotat
916 2574 959 2606 ad
993 2575 1096 2616 Soph.
1111 2575 1162 2608 Ai.
1186 2584 1235 2608 vs,
1250 2575 1316 2607 342
1338 2575 1381 2608 cf.
1404 2577 1443 2607 A.
1459 2575 1732 2616 Trendelenburg
1753 2575 1774 2606 l.
1791 2575 1813 2607 l.

336 2636 415 2669 pag.
431 2625 484 2659 98.
499 2625 520 2658 9
543 2650 551 2660 .
