2118 3040
975 188 1237 226 -60—

363 295 416 334 sit
443 298 643 334 maternus
671 295 844 345 affectus,
872 309 990 344 quam
1016 299 1132 346 yrata
1159 296 1204 334 in
1231 297 1405 334 dominos
1431 308 1629 335 servorum
1664 295 1758 343 fides
1785 295 1846 343 sit,

363 359 600 408 eandemque
626 358 791 400 laborem
815 362 851 399 et
877 359 1043 399 dolorem
1070 372 1147 399 esse
1165 372 1214 399 ex
1240 359 1351 410 falsis
1378 372 1491 409 quem
1509 372 1558 399 ecc
1576 359 1674 399 veris
1693 358 1846 408 malis.¹)

364 422 494 462 Schol.
514 425 556 460 et
578 424 598 460 1
615 426 657 461 et
677 424 701 461 2
721 423 933 470 adnotant,
963 435 1067 473 quae
1093 435 1175 461 non
1203 425 1289 461 tam
1309 423 1361 461 ad
1380 434 1571 461 scaenam
1590 422 1652 461 III.
1674 423 1694 460 1
1725 433 1847 474 quam

364 485 417 525 ad
451 498 622 526 scaenas
649 485 715 527 111.
742 487 763 525 1
780 486 832 540 ‘¹1'
852 486 875 525 2
913 485 1077 526 Terenti
1105 486 1294 526 attinent.
1348 486 1452 527 Nam
1488 485 1626 528 verba:
1659 487 1704 527 in
1733 487 1848 528 Getae

363 553 505 592 nuntio
531 556 637 602 qesta
671 551 723 590 ad
750 552 819 591 ΠΙ.
835 552 870 590 2.
892 552 1035 599 1-30,
1069 552 1114 590 in
1134 554 1298 600 plancta
1327 553 1523 591 Sostratae
1555 551 1682 590 exitus
1714 549 1768 588 ad
1785 550 1846 589 111.

363 615 399 653 2.
415 614 465 653 31
479 627 562 666 sqq.
590 613 802 653 referenda
820 616 929 663 sunt,
959 627 1034 653 nec
1053 614 1169 654 ahter
1186 627 1250 653 res
1279 616 1342 653 est
1370 614 1411 653 in
1440 614 1562 654 schol.
1587 615 1675 653 288.
1691 614 1726 652 2.
1772 613 1847 652 Le-

363 678 475 727 gitne
494 678 616 727 igitur
634 678 819 716 Donatus
847 680 1006 717 textum
1025 678 1325 727 Terentianum,
1354 679 1395 716 in
1420 690 1498 728 quo
1519 691 1545 717 a
1563 690 1621 716 vs.
1642 678 1720 716 299
1739 689 1849 716 nova

364 754 514 781 scaena
543 755 623 781 non
658 744 746 781 erat
775 743 945 793 coepta?
990 743 1119 781 Immo
1148 754 1244 780 vero
1274 741 1326 780 ad
1353 741 1462 780 hunc
1499 754 1657 792 quoque
1686 753 1848 780 versum

363 804 413 844 de
433 807 632 845 ‘scaenae'
664 807 902 855 argumento
932 805 1059 845 verba
1085 805 1191 845 fiunt
1219 808 1261 845 et
1280 818 1341 855 ea,
1372 818 1475 857 quae
1497 805 1647 845 Donati
1674 804 1850 855 vestigia

363 882 460 921 prae
489 882 533 908 se
561 869 710 910 ferant:
738 871 801 910 hic
818 871 920 910 locus
934 872 1144 911 secundum
1163 875 1284 910 artem
1303 872 1483 910 comicam
1510 884 1663 909 servum
1691 883 1848 910 curren-

364 937 438 973 tem
470 934 655 984 exprimit
689 933 749 982 (cf.
774 933 874 973 Don.
894 933 963 973 Ph.
987 934 1130 982 179.1)
1165 938 1200 974 et
1231 935 1481 974 nuntiantem
1519 936 1631 974 mala.
1674 934 1849 974 mamma

363 999 495 1047 itaque
515 1012 615 1049 pars
642 1012 803 1038 scaenae
832 1000 992 1038 motoria
1019 1003 1100 1038 est.
1123 1029 1130 1037 .
1152 1028 1159 1036 .
1215 998 1271 1036 Of.
1291 1011 1415 1049 supra
1442 1011 1478 1049 p.
1498 998 1549 1036 51
1579 997 1669 1036 adn.
1692 999 1725 1036 1.

472 1062 583 1110 Quae
613 1075 704 1101 cum
723 1064 783 1101 ita
802 1063 895 1111 sint,
926 1062 1168 1113 quaerimus,
1198 1074 1268 1101 cur
1287 1061 1339 1101 ad
1366 1061 1428 1101 III.
1452 1063 1472 1100 1
1503 1061 1628 1101 verba
1663 1061 1850 1111 legantur

361 1125 619 1176 scholiastae,
657 1126 726 1177 qui
754 1128 913 1178 spectat
941 1126 993 1165 ad
1023 1127 1084 1165 III.
1117 1128 1136 1165 1
1160 1127 1210 1176 4-
1231 1127 1287 1165 2Ῥ
1343 1126 1475 1166 Facile
1514 1127 1652 1165 autem
1690 1138 1754 1165 res
1792 1126 1849 1164 sic

363 1189 552 1228 solvitur:
573 1190 618 1228 In
638 1190 847 1229 Menandri
866 1190 1008 1229 fabula
1027 1203 1053 1229 a
1071 1203 1130 1231 vs.
1152 1191 1230 1229 299
1249 1192 1342 1242 post
1360 1190 1450 1229 illos
1473 1190 1656 1229 undecim
1676 1202 1848 1229 scaenae

362 1266 506 1293 versus
534 1267 643 1294 nova
671 1267 821 1294 scaena
849 1267 942 1294 orsa
969 1267 1050 1295 non
1081 1257 1178 1305 erat,
1213 1254 1254 1293 id
1282 1254 1388 1306 quod
1418 1255 1582 1306 saepius
1610 1266 1848 1304 cognoscere

364 1319 470 1369 licet,
508 1319 745 1370 praesertim
774 1332 865 1358 cum
895 1319 1065 1358 duarum
1095 1332 1358 1370 personarum
1401 1319 1513 1358 brevi
1542 1319 1698 1368 dialogo
1727 1318 1850 1357 tertia

362 1383 658 1434 spectatoribus
696 1383 924 1423 insinuetur
963 1385 1020 1431 (ut
1054 1383 1119 1422 hic
1148 1382 1275 1422 Getae
1304 1396 1363 1422 vs.
1385 1384 1463 1422 292
1479 1386 1561 1434 sq.),
1595 1382 1696 1422 haec
1728 1383 1850 1422 tertia

363 1449 504 1486 autem
531 1460 705 1498 persona
733 1447 942 1498 soliloquio
962 1448 1023 1486 uti
1052 1448 1319 1496 consueverit,
1350 1447 1456 1498 quod
1476 1448 1626 1498 priores
1655 1459 1850 1497 personae

363 1522 536 1549 scaenae
565 1510 748 1550 audiunt.
791 1510 878 1550 Tali
899 1523 1139 1550 scaenarum
1167 1510 1304 1550 ordine
1324 1523 1571 1562 numeroque
1599 1509 1754 1550 factum
1774 1512 1848 1560 est,

362 1577 410 1614 ut
448 1575 574 1614 verba
603 1575 845 1620 scholiastae
885 1574 1026 1615 Graeci
1065 1575 1116 1614 ad
1146 1575 1306 1614 Terenti
1335 1588 1505 1614 scaenas
1535 1575 1679 1624 duasff)
1718 1575 1758 1614 id
1787 1577 1851 1614 est

364 1639 417 1678 ad
445 1651 570 1678 unam
599 1639 888 1679 Menandream
917 1639 1126 1691 quadrent.

470 1703 624 1742 Deinde
644 1704 768 1742 etiam
788 1706 1147 1743 commentatorem
1167 1703 1365 1742 Graecum
1385 1705 1614 1742 scaenicum
1643 1702 1694 1741 ad
1713 1703 1849 1754 proxi-

363 1779 452 1805 mas
500 1779 670 1806 scaenas
717 1767 953 1818 ‘Adelphon'
1001 1767 1215 1817 habemus,
1265 1780 1371 1818 quae
1418 1769 1516 1806 sunt
1561 1766 1849 1806 Menandreae:

470 1830 607 1880 111.3⁸)
630 1831 751 1870 schol.
766 1832 855 1870 355.
874 1832 894 1869 1
917 1833 1132 1881 (οἰκονομία
1152 1832 1241 1871 356.
1258 1832 1281 1870 2
1303 1833 1345 1870 et
1364 1832 1453 1870 441.
1471 1832 1494 1869 2
1520 1831 1567 1870 cf.
1584 1843 1706 1882 supra
1730 1843 1766 1882 p.
1782 1831 1849 1880 21;

363 1896 617 1945 ὂιασυρτικῶς
645 1896 744 1935 Don.
766 1895 837 1934 Ad.
858 1896 935 1934 427
967 1895 1013 1935 cf.
1035 1909 1157 1946 supra
1185 1909 1220 1947 p.
1241 1896 1316 1944 36).

474 2024 495 2064 1)
518 2024 555 2055 In
578 2024 750 2056 Menandri
778 2024 895 2056 fabula
925 2024 991 2056 hoc
1022 2025 1098 2056 loco
1121 2034 1248 2056 novum
1270 2025 1384 2056 actum
1407 2024 1462 2056 vel
1492 2023 1589 2064 μέρος
1612 2023 1851 2056 secludendum

362 2087 439 2110 esse
461 2087 531 2110 non
562 2080 662 2119 puto;
687 2083 725 2110 ut
748 2088 870 2110 scaena
893 2078 938 2110 sit
960 2087 1078 2116 vacua,
1101 2088 1211 2110 novus
1233 2080 1330 2110 actus
1360 2078 1497 2119 incipiat
1518 2087 1587 2110 non
1617 2084 1756 2110 necesse
1786 2080 1848 2115 est,

362 2140 440 2163 cum
468 2133 669 2172 argumento
697 2131 833 2164 fabulae
855 2133 993 2174 propter
1016 2132 1163 2173 spatium
1185 2131 1346 2173 temporis
1368 2142 1437 2164 non
1460 2131 1662 2173 postuletur.
1699 2131 1775 2163 Alia
1796 2141 1851 2164 res

362 2191 415 2216 est
437 2185 471 2216 in
494 2195 617 2218 scaena
631 2186 686 2219 III.
702 2186 723 2218 3
745 2185 891 2225 Terenti,
915 2186 957 2218 de
980 2196 1047 2227 qua
1068 2185 1157 2218 infra
1178 2195 1327 2227 agemus.

471 2239 494 2279 ²)
517 2239 568 2271 De
591 2239 727 2271 Donato
750 2238 823 2271 351.
839 2239 855 2271 1
880 2240 916 2271 et
931 2249 1032 2281 quam
1047 2240 1120 2271 arte
1137 2239 1319 2271 coniuncta
1334 2239 1378 2271 sit
1395 2239 1480 2271 haec
1494 2239 1639 2271 mutatio
1655 2249 1676 2271 a
1691 2239 1849 2271 Terentio

361 2291 500 2324 inducta
511 2303 587 2325 cum
598 2293 707 2325 altera
717 2292 751 2324 in
763 2302 885 2324 scaena
896 2292 966 2325 V.8
981 2293 1079 2333 (Don.
1089 2292 1150 2325 Ad.
1159 2292 1233 2325 938.
1249 2292 1276 2333 1)
1295 2292 1337 2325 cf.
1348 2293 1397 2324 Fl.
1407 2292 1546 2325 Nencini
1558 2292 1608 2325 l.1.
1623 2302 1699 2335 pag.
1709 2292 1770 2325 126
1778 2303 1849 2335 sqq.

363 2347 399 2378 et
421 2345 454 2379 C.
472 2346 585 2378 Kauer
607 2346 678 2388 (Dz.
694 2346 735 2380 K.
759 2346 845 2379 Ad.²
868 2357 898 2389 p.
918 2346 980 2388 16).

471 2400 494 2441 ⁸)
518 2401 681 2433 Scaeuam
703 2400 757 2433 111.
773 2401 794 2432 3
825 2401 905 2433 novi
934 2402 1031 2433 actus
1061 2400 1254 2432 Menandrei
1282 2400 1479 2442 principium
1519 2400 1625 2433 fuisse
1652 2401 1851 2442 putaverim.

361 2453 532 2485 Canthara
554 2464 603 2487 vs.
620 2454 685 2486 353
702 2453 934 2487 ‘obstetricem
956 2453 1137 2486 arcessere’
1160 2454 1294 2486 iubetur
1317 2456 1352 2486 et
1374 2454 1408 2485 in
1425 2454 1545 2486 eodem
1567 2455 1656 2493 actu,
1686 2456 1725 2486 ut
1747 2454 1850 2496 vulgo

363 2507 531 2546 dividitur,
554 2508 621 2539 iam
637 2508 782 2549 parturit
797 2507 975 2549 Pamphila
989 2507 1055 2540 486
1070 2517 1142 2549 sqq.
1155 2517 1161 2546 ;
1185 2517 1287 2539 anum
1302 2508 1418 2539 autem
1437 2516 1513 2539 cum
1529 2507 1711 2540 obstetrice
1726 2507 1851 2540 redisse

362 2569 529 2603 nusquam
545 2561 579 2593 in
594 2561 714 2593 eodem
728 2562 808 2593 actu
819 2560 1023 2593 Terentiano
1036 2561 1229 2603 accipimus.
1257 2560 1344 2593 Fieri
1356 2563 1472 2593 autem
1484 2560 1606 2602 potuit,
1621 2563 1659 2593 ut
1670 2561 1852 2593 Menander

361 2614 489 2647 rectius
511 2614 696 2654 οἰκονομίαν
726 2614 862 2646 fabulae
895 2615 1096 2653 institueret,
1127 2624 1203 2646 cum
1233 2624 1333 2646 versu
1348 2614 1412 2646 354
1441 2614 1559 2654 μέρους
1589 2614 1694 2646 finem
1723 2615 1853 2646 faceret
