2118 3040
863 210 1129 249 ..33-

255 319 464 367 impetrare
485 318 608 367 possit
636 318 682 357 ab
710 330 763 367 eo,
793 318 931 367 quippe
958 319 1025 367 qai
1051 318 1132 358 iam
1160 318 1275 357 etiam
1302 317 1466 366 ἀκρίτως
1512 315 1739 366 Pamphilus

257 382 361 421 enim
388 382 544 422 diwerat
566 384 659 422 e‘non
686 383 811 432 iaste',
839 383 903 421 ille
928 383 983 422 sic
1009 383 1218 432 respondit,
1253 382 1364 430 quasi
1391 382 1536 420 dioeerit
1559 382 1652 419 ‘non
1679 381 1737 419 di-

257 445 417 497 biqe‘nter
442 447 593 487 vinctas
620 447 698 486 est'.

366 510 486 550 Andr.
507 511 569 550 68.
584 511 620 550 3.
678 509 924 560 Obsequium
968 511 1130 559 amicos,
1173 509 1325 549 veritas
1366 508 1501 548 odium
1539 508 1644 560 parit
1687 531 1734 536 —

257 575 473 625 ἀμφίβολος
508 575 701 616 sementia
737 579 772 614 et
802 575 1012 624 probabilis
1038 576 1165 626 mayis
1192 587 1308 624 qaam
1335 575 1550 614 necessaria
1577 578 1647 614 aut
1672 574 1736 612 ho-

256 643 368 678 nesta
397 639 630 687 (scholiasta
653 639 678 676 2
708 637 828 677 alter:
856 640 1046 679 sententia
1071 639 1318 688 παράδοξος).

366 702 452 742 Hoc
479 703 566 742 loco
596 702 903 751 ambiguitatem
932 701 1117 742 dictionis
1146 714 1236 741 esse
1257 701 1477 741 scholiasta
1496 701 1624 740 dicere
1653 714 1735 740 non

255 769 401 817 potest,
431 779 561 818 neque
592 767 699 805 enim
728 768 791 805 est
819 768 1035 817 ἀμφίβολον
1064 767 1279 817 quicquam
1306 767 1348 804 in
1377 766 1523 815 verbis,
1554 765 1625 804 sed
1652 766 1735 804 vim

254 831 368 871 verbi
387 834 509 881 auget
526 832 723 881 interpres
748 830 1007 880 aesthetieus,
1036 844 1128 871 cum
1148 831 1281 870 verbis
1301 832 1518 881 ἀμφίβολος
1545 831 1736 870 sententia

255 894 304 933 de
332 896 556 946 praeceptis
584 907 738 933 morum
766 894 951 945 loquitur.

664 1034 713 1081 3.
748 1034 816 1082 De
851 1033 1150 1093 ethopoeias
1183 1046 1324 1082 voce.

361 1129 419 1168 De
448 1129 525 1168 hac
551 1129 683 1178 figura
717 1129 854 1168 scribit
880 1130 925 1168 R.
941 1127 1172 1168 Volkmann
1200 1129 1292 1168 Rh.2
1320 1142 1355 1180 p.
1376 1129 1495 1177 490.¹)
1535 1160 1638 1168 .....
1654 1129 1734 1168 Die

253 1194 460 1245 Ethopoeie
497 1195 587 1234 oder
622 1195 792 1244 μίμησις,
829 1195 996 1234 imitatio
1024 1208 1174 1234 morum
1203 1195 1415 1234 alienorum
1430 1226 1437 1233 .
1454 1226 1461 1233 .
1478 1226 1486 1233 .
1503 1226 1510 1233 .
1530 1194 1600 1243 Aq.
1620 1194 1731 1233 Rom.

247 1273 287 1308 p.
307 1260 386 1297 24:
414 1259 525 1298 certis
543 1259 772 1307 quibasdam
791 1260 967 1308 personis
994 1259 1108 1297 verba
1135 1259 1368 1297 accomodate
1395 1258 1649 1309 adfingimus,
1678 1259 1733 1297 vel

253 1323 303 1361 ad
329 1322 610 1372 improbitatem
638 1335 772 1361 earum
799 1323 1136 1362 demonstrandam
1163 1324 1220 1361 vel
1247 1324 1298 1362 ad
1316 1323 1554 1373 diynitatem.
1583 1321 1731 1361 Idcirco

251 1385 352 1424 haec
370 1386 512 1436 figura,
539 1398 643 1436 quae
664 1386 728 1435 sit,
757 1388 865 1424 recte
889 1385 1135 1434 intellegitur
1163 1398 1188 1424 a
1217 1385 1435 1424 scholiasta
1462 1385 1731 1424 rhetorico

252 1449 304 1488 ad
328 1448 434 1488 locos
464 1461 562 1488 non
590 1448 967 1499 Menandreos,.
986 1449 1032 1490 cf.
1052 1447 1151 1489 Eun.
1171 1449 1266 1501 prol.
1289 1450 1355 1488 14:

482 1513 636 1552 Dehinc
664 1526 715 1552 ne
743 1513 958 1552 frustretur
986 1514 1071 1564 ipse
1101 1526 1155 1562 se,
1186 1516 1258 1552 aut
1287 1515 1343 1552 sic
1371 1513 1537 1562 cogitet:

484 1575 713 1616 ‘defunctus
740 1577 821 1616 iam
850 1590 950 1627 sum,
979 1577 1077 1616 nihil
1105 1580 1168 1617 est
1196 1578 1300 1628 quod
1331 1577 1438 1616 dicat
1465 1577 1591 1616 mihi’:

482 1641 517 1679 is
545 1653 597 1680 ne
627 1643 824 1681 erret....

251 1704 350 1744 Don.
370 1704 469 1744 Eun.
493 1706 552 1746 15.
567 1706 603 1745 3.
660 1711 788 1756 σχῆμα
816 1707 994 1749 διανοίας·
1023 1707 1216 1756 ἠθοποιία.

358 1768 447 1807 Non
468 1769 585 1808 aliter
612 1772 795 1820 ῆθοποιία
814 1789 866 1802 =
884 1772 1043 1820 μίμησις
1062 1769 1301 1808 adscribitur
1329 1769 1381 1808 ad
1409 1770 1536 1808 verba
1563 1769 1729 1809 Parme-

249 1832 365 1871 nonis
395 1832 444 1871 de
474 1833 634 1872 domino
663 1833 866 1884 loquentis
895 1833 981 1873 Ter.
1001 1834 1094 1872 Hec.
1114 1834 1190 1872 145
1206 1846 1308 1884 sqq.:

383 1898 612 1948 narratque,
642 1899 689 1936 ut
716 1898 827 1947 virgo
857 1897 909 1936 ab
939 1910 982 1936 se
1010 1898 1169 1947 integra
1207 1898 1330 1936 etiam
1359 1899 1447 1936 tum
1476 1898 1566 1947 siet,

383 1972 505 2009 seque
535 1963 630 1999 ante
660 1974 782 2010 quam
811 1974 901 1999 eam
929 1974 1095 1999 uxorem
1125 1961 1309 1999 duxisset
1337 1961 1500 1999 domum

382 2034 565 2073 sperasse
595 2036 666 2064 cas
695 2024 866 2064 tolerare
895 2037 1014 2076 posse
1043 2025 1217 2076 nuptias.

382 2086 466 2124 ‘sed
495 2100 617 2138 quam
647 2089 837 2128 decrerim
865 2101 929 2127 me
957 2101 1037 2127 non
1068 2101 1186 2140 posse
1217 2089 1366 2127 diutius

382 2149 543 2201 habere,
574 2164 663 2191 eam
693 2152 862 2192 ludibrio
891 2153 1041 2202 haberi,
1073 2152 1280 2202 Parmeno,

381 2226 510 2264 neque
538 2215 755 2255 honestum
785 2217 880 2255 mihi
907 2229 1038 2267 neque
1067 2217 1164 2255 utile
1192 2217 1267 2267 ipsi
1296 2217 1489 2265 virginist,

381 2277 477 2328 quin
504 2277 704 2327 integram
731 2279 870 2319 itidem
898 2279 1079 2329 reddam,
1110 2284 1156 2319 ut
1184 2281 1316 2332 accepi
1348 2293 1374 2319 a
1401 2281 1511 2319 suis’.

246 2341 346 2380 Don.
374 2341 469 2380 Hee.
490 2342 578 2380 148.
599 2343 633 2381 2.
682 2345 923 2395 “ᾶποστροφὴ
966 2346 1031 2383 καὶ
1068 2346 1251 2394 ἠθοποιία
1291 2345 1368 2383 ἀπὸ
1407 2346 1639 2395 διηγήματος
1675 2347 1728 2387 εἰς

246 2406 478 2456 μιμητικήν’.
508 2404 566 2444 Re
594 2419 693 2445 vera
721 2409 785 2447 est
812 2409 994 2458 ἠθοποιία
1015 2410 1057 2447 et
1073 2410 1231 2458 μίμησις
1250 2408 1291 2446 in
1311 2409 1490 2447 oratione
1511 2409 1627 2457 servi,
1657 2409 1727 2460 qui

247 2482 328 2509 non
356 2468 472 2508 modo
501 2469 638 2516 verba,
668 2471 739 2510 sed
768 2473 891 2511 etiam
919 2485 1060 2512 vocem
1093 2475 1331 2523 gestumque
1361 2472 1510 2511 domini
1528 2472 1726 2524 Pamphili

246 2534 374 2582 fingit.
443 2534 625 2582 ἠθοποιία
667 2534 731 2572 his
778 2535 937 2574 duobus
984 2536 1081 2574 locis
1122 2536 1375 2575 Terentianis
1422 2535 1591 2575 eandem
1643 2536 1726 2575 vim

355 2630 375 2670 ¹)
399 2629 461 2661 Die
483 2628 650 2660 Rhetorik
672 2630 731 2661 der
756 2631 922 2663 Griechen
945 2633 1012 2664 und
1036 2632 1159 2664 Romer
1168 2632 1191 2665 ².
1236 2632 1372 2674 Leipzig
1396 2633 1489 2665 1885.
